3328 5218
798 588 840 653 45

717 675 913 684 ,--.-..-

466 851 525 916 De
546 874 618 917 usu
647 850 889 938 particulae
919 849 1165 934 priusquam

616 992 727 1078 apud
749 991 1013 1058 Sallustium.

268 1153 295 1218 I.
331 1175 420 1216 cum
441 1152 713 1215 coniunctivo
735 1149 982 1235 praesentis.
1080 1145 1081 1150 ’

358 1300 386 1342 a.
418 1279 451 1340 in
483 1277 647 1341 enuntiato
680 1276 830 1361 primario
866 1273 1057 1341 indicativus
1090 1276 1267 1360 praesentis
1303 1284 1361 1340 eat.

418 1385 451 1468 d)
474 1384 544 1450 Cat.
566 1385 597 1468 4,
618 1384 639 1448 5
664 1407 770 1469 pauca
799 1385 893 1468 prius
920 1381 1129 1468 capiauarada
1158 1396 1239 1463 suut,
1268 1408 1361 1468 quara

409 1492 551 1578 faciam.

359 1598 389 1665 b.
418 1601 646 1685 imperativus:
668 1600 703 1684 α)
727 1599 797 1665 Cat.
822 1600 850 1683 1,
871 1600 892 1663 6
910 1600 1098 1684 priusquam
1120 1600 1269 1685 incipias,
1291 1623 1361 1662 cou-

418 1709 509 1774 suita.

270 1850 314 1916 H.
356 1873 440 1914 eum
461 1850 697 1916 indicativo
720 1850 906 1936 perfecti.

361 1998 389 2040 a.
418 1977 452 2039 in
480 1977 643 2040 enuntiato
672 1977 822 2060 primario
855 1975 984 2039 indicat.
1014 1975 1094 2061 perf.
1123 1984 1190 2040 eat:
1226 1974 1261 2058 d)
1291 1974 1361 2040 Cat.

418 2085 469 2167 51,
491 2084 541 2148 34.
583 2083 654 2168 Iug.
676 2084 725 2166 35,
748 2084 776 2148 8.
1055 2089 1060 2100 '

359 2191 390 2256 b.
420 2213 572 2277 praesens
593 2191 666 2255 hist.
708 2194 743 2274 β)
766 2189 836 2274 Iug.
860 2190 910 2274 97,
931 2191 961 2254 4.

270 2332 331 2397 ΙΙΙ.
354 2355 439 2396 cum
461 2334 736 2398 coniunctivo
759 2333 1010 2418 imperfecti.

419 2461 453 2523 in
489 2461 653 2525 enuntiato
690 2459 840 2543 primario
876 2457 1051 2520 infinitivus
1094 2466 1143 2521 est
1183 2455 1363 2520 historicus.

464 2567 496 2645 δ’)
518 2566 590 2651 Iug.
612 2566 642 2650 4,
664 2567 693 2630 6.

270 2707 328 2772 IV.
350 2729 433 2771 cum
455 2710 733 2774 coniunctivo
756 2707 1006 2792 imperfecti.

360 2855 388 2896 a.
418 2834 452 2896 in
474 2835 639 2898 enuntiato
669 2835 818 2919 primario
846 2832 1000 2898 habemus
1031 2831 1228 2916 perfectum:
1260 2835 1295 2916 β)
1319 2855 1363 2896 or.

420 2939 448 3004 L
492 2991 498 3005 .
543 2992 550 3005 .

359 3047 390 3112 b.
420 2943 571 3133 pidisdns
593 3048 789 3114 historicum.
831 3049 866 3131 β)
888 3047 960 3131 Iug.
981 3048 1032 3130 54,
1056 3047 1103 3112 10.
1139 3048 1189 3131 59,
1213 3049 1239 3111 1.

362 3178 388 3218 c.
419 3153 612 3220 infinitivum
632 3155 828 3220 historicum.
870 3155 904 3241 γ)
929 3153 1000 3219 Cat.
1025 3155 1073 3238 13,
1094 3155 1123 3219 3.

271 3289 313 3354 V.
350 3289 550 3355 enuntiatum
579 3288 802 3353 secundarium
831 3286 950 3373 pendet
983 3309 1048 3351 non
1077 3309 1117 3352 ex
1145 3287 1271 3352 actione
1301 3289 1362 3372 pri·

247 3403 248 3406 ’
345 3397 458 3461 maria.

416 3503 495 3569 'Cau
516 3504 567 3586 32,
592 3505 607 3567 1
632 3501 833 3582 ...credens
852 3503 1041 3588 priusquam
1157 3501 1364 3567 scriberentur

465 3625 658 3698 antecapere,
674 3610 842 3697 profectus
856 3623 909 3676 est.
937 3611 988 3695 44,
1002 3611 1022 3674 3
1037 3611 1140 3688 mittit,
1158 3623 1190 3675 ut
1205 3647 1247 3657 -
1254 3610 1364 3696 priua·

462 3744 554 3805 quara
575 3733 747 3806 perperam,
769 3718 999 3803 confirmarant.
1042 3717 1113 3802 Iug.
1128 3719 1179 3802 25,
1198 3718 1365 3802 torpuere

453 3841 574 3914 potest,
617 3841 651 3890 ut
691 3827 880 3912 priusquam
921 3827 1166 3906 circumveniret,
1199 3826 1363 3913 patiretur.

462 3936 512 4018 44,
529 3936 549 4000 3
564 3934 704 4021 patabat
723 3957 786 3998 aaa
800 3935 899 4020 prius
920 3936 1080 4021 attiuqera,
1101 3957 1195 4018 quam
1210 3933 1364 4020 coepisset.

640 4117 762 4203 Apud
791 4116 996 4182 Velleium

271 4271 343 4312 cum
371 4241 572 4314 coniunctivo
602 4250 781 4334 imperfecti
809 4249 1012 4315 antecedenti
1043 4249 1076 4312 in
1112 4249 1275 4312 enuntiato
1302 4248 1363 4332 pri·

270 4359 371 4422 mario
393 4357 545 4443 perfecto.
588 4359 623 4441 β)
645 4356 681 4421 Π
699 4357 750 4441 42,
764 4354 791 4422 Ῑ3
814 4370 951 4422 revertas
979 4356 1024 4420 ad
1052 4379 1148 4436 marc,
1176 4357 1365 4443 priusquam
