3328 5218
752 633 794 697 35

673 721 870 728 -.——-

228 831 326 896 futuri
347 832 500 916 temporis
522 840 571 895 est
592 851 729 916 quocum
758 831 841 896 aetio
872 830 1060 896 secundaria
1090 831 1152 894 nisi
1173 829 1318 896 absolute

227 959 293 1004 non
314 939 466 1023 coniungi
486 947 602 1024 potest.
642 938 830 1024 praevaleat
851 947 901 1004 est
921 939 1020 1023 igitur
1033 941 1116 1003 actio
1130 938 1319 1004 secundaria

227 1048 352 1111 ratione
379 1056 559 1130 temporum
580 1044 728 1110 absoluta
751 1067 823 1110 cum
845 1046 971 1111 actione
991 1048 1143 1131 primaria
1165 1048 1224 1111 erit
1245 1069 1318 1111 con-

227 1155 346 1220 iuncta.
389 1153 493 1222 Simili
521 1155 645 1218 ratione
674 1153 896 1240 explicandum
925 1164 1025 1238 esset,
1063 1155 1091 1218 si
1121 1155 1319 1239 legeremus:

228 1276 314 1328 taam
335 1262 395 1326 crit
416 1260 639 1342 demonstrare,
662 1262 732 1348 qais
752 1262 809 1327 toa
827 1263 948 1347 feeerit.

311 1369 480 1453 Propriam
501 1391 591 1434 suam
612 1370 821 1455 temporalem
841 1371 908 1434 vim
936 1369 1112 1435 infinitivus
1144 1371 1320 1456 praesentis

228 1501 357 1546 servare
376 1498 442 1542 non
462 1487 587 1563 potest,
616 1478 678 1542 nisi
704 1499 821 1562 regens
850 1498 977 1562 quoque
1007 1477 1141 1542 verbum
1168 1479 1320 1563 temporis

230 1598 278 1653 est
306 1588 493 1675 praesentis.
547 1586 669 1650 Tamen
701 1587 798 1650 etiam
831 1587 865 1648 in
896 1586 952 1650 tali
971 1635 972 1640 1
988 1594 1167 1670 temporum
1197 1587 1322 1651 ratione

230 1695 436 1782 explicandus
466 1705 515 1760 est
546 1693 680 1779 perfecti
702 1694 922 1757 coniunctivus
954 1694 987 1756 in
1017 1694 1181 1758 enuntiato
1211 1717 1320 1759 secun·

231 1803 323 1869 dario
344 1805 469 1869 ratione
490 1812 669 1887 temporum
691 1800 844 1865 absoluta.

311 1911 494 1976 Infinitivus
528 1908 662 1993 perfecti
694 1907 778 1994 apud
816 1908 952 1992 optimos
989 1910 1160 1994 scriptores
1196 1919 1322 1996 sempet

231 2021 393 2106 propriam
419 2040 509 2084 suam
536 2018 700 2082 notionem
721 2017 872 2100 temporis
894 2018 1058 2102 praeteriti
1080 2019 1229 2102 servavit,
1258 2040 1322 2103 qua

230 2126 270 2192 de
292 2149 386 2192 causa
407 2126 527 2191 factum
548 2107 654 2190 estut
675 2126 709 2190 in
730 2124 902 2190 enuntiatis
933 2123 1128 2189 secundariis
1156 2147 1196 2189 ex
1217 2126 1321 2191 infini-

230 2235 297 2299 tivo
317 2234 460 2320 perfecto
482 2232 696 2320 pendentibus
718 2233 745 2298 si
766 2233 890 2297 ratione
904 2241 1084 2318 temporum
1097 2234 1233 2298 relativa
1251 2256 1322 2298 oum

232 2342 390 2407 infinitivo
406 2342 575 2406 coniuncta
589 2351 673 2424 sunt,
696 2342 934 2405 coniunctivum
948 2340 1123 2405 habeamus
1143 2342 1324 2426 imperfecti

231 2458 264 2514 et
292 2448 614 2536 plusquamperfecti,
648 2449 773 2513 etiamsi
806 2450 889 2513 actio
924 2449 1075 2533 primaria
1103 2471 1253 2534 praesens
1281 2451 1323 2514 sit

231 2556 271 2622 cf.
294 2557 321 2622 si
342 2558 477 2642 legimus
497 2555 643 2641 pulcrum
667 2569 711 2620 eet
732 2556 884 2642 effecisse,
912 2569 946 2620 at
967 2557 1041 2621 baca
1064 2555 1115 2620 lea
1136 2570 1322 2622 sanaretur.

231 2673 340 2730 tamen
361 2665 457 2729 etiam
487 2665 612 2728 ratione
639 2673 818 2750 temporum
831 2662 993 2727 absoluta
1020 2663 1104 2727 hane
1131 2665 1324 2729 sententiam

232 2773 410 2859 exprimere
430 2781 538 2858 potest
558 2773 695 2856 scriptor
715 2772 743 2835 si
764 2770 841 2836 dicit
863 2767 1015 2857 putaram
1045 2784 1089 2834 eet
1109 2771 1261 2858 affecisse,
1290 2787 1324 2838 ut

231 2880 306 2944 baca
328 2879 380 2945 lea
400 2882 442 2944 eit
461 2893 588 2944 cacata
608 2889 665 2943 aut
685 2879 778 2943 salva
798 2879 848 2943 eit.

222 3071 223 3076 ἵ
313 2987 536 3055 Si'enuntiata
558 2986 746 3052 secundaria
768 3009 808 3050 ex
828 2987 1003 3072 participiis
1030 2986 1172 3071 pendent
1198 3010 1250 3053 res
1279 2989 1325 3052 sio

233 3117 268 3160 se
287 3095 394 3161 habet.
438 3095 612 3181 Partieipia
639 3094 802 3181 propriam
833 3094 993 3179 quandam
1014 3095 1080 3158 vim
1100 3096 1327 3180 notionemque

147 3279 150 3288 ⁴
235 3202 390 3268 exhibent
403 3203 621 3289 temporalem,
641 3223 722 3287 quae
737 3203 764 3266 si
779 3224 819 3266 ex
833 3201 1030 3287 temporibus
1046 3203 1202 3267 enuntiati
1216 3225 1326 3267 secun·

233 3311 314 3376 darii
335 3333 401 3376 non
422 3311 581 3393 elucescit,
603 3311 804 3394 agnoscimus
825 3320 881 3374 aut
901 3311 1058 3374 rationem
1072 3321 1252 3395 temporum
1271 3310 1326 3376 ab·

235 3420 372 3485 solutam
392 3421 477 3486 inter
495 3419 655 3484 actionem
677 3417 897 3483 secundariam
918 3428 951 3483 et
972 3439 1051 3501 eam,
1073 3440 1156 3503 quae
1177 3437 1328 3503 expressa

234 3537 282 3592 est
309 3527 487 3614 participio,
519 3536 575 3591 aut
601 3525 804 3611 participium
833 3525 984 3591 adiectivi
1011 3527 1113 3590 instar
1140 3535 1327 3613 usurpatum

234 3644 293 3719 est,
314 3636 369 3718 ita,
390 3643 427 3699 ut
448 3634 578 3720 propria
598 3634 687 3698 notio
709 3633 894 3718 temporalis
916 3634 1091 3699 evanuerit.

314 3765 392 3831 VII.
427 3765 473 3830 At
501 3768 693 3853 quaesiverit
714 3768 874 3853 quispiam
903 3767 1064 3852 quomodo
1092 3765 1264 3831 artificiosa
1288 3766 1328 3830 de

235 3875 459 3940 consecutione
480 3885 660 3960 temporum
689 3875 782 3959 ratio,
814 3875 940 3961 qualem
963 3877 1141 3940 invenimus
1172 3874 1206 3938 in
1237 3874 1327 3938 libris

234 3983 460 4067 grammaticis,
483 3983 559 4047 oriri
579 3984 693 4068 potuit.
736 3983 776 4048 In
798 3983 971 4048 enuntiatis
991 3982 1149 4067 finalibus,
1179 4004 1327 4046 consecu-

234 4090 318 4170 tivis,
340 4091 592 4174 interrogatione
614 4090 778 4176 indirecta,
811 4080 887 4176 qnia
913 4091 1077 4176 praevalet
1103 4090 1184 4155 ratio
1206 4100 1327 4175 tempo-

234 4221 305 4263 rum
326 4199 469 4283 relativa,
491 4199 700 4262 severitatem
709 4197 870 4284 quandam
885 4198 1090 4262 observamus
1105 4199 1139 4261 in
1158 4196 1327 4281 deligendo

236 4314 381 4393 tempore
403 4307 560 4371 enuntiati
581 4305 768 4391 secundarii,
787 4307 913 4391 qualem
929 4306 962 4369 in
977 4305 1088 4390 lingua
1103 4325 1228 4389 graeca,
1246 4327 1328 4390 quae

1095 4433 1128 4484 3*
