3328 5218
883 619 924 688 36

807 711 1005 719 ——an

356 833 471 888 natura
502 845 560 888 sua
590 824 624 887 in
655 832 835 909 temporum
869 823 994 888 ratione
1033 831 1082 886 est
1120 820 1266 905 liberior,
1305 841 1371 884 non
1402 819 1449 884 in·

356 933 513 996 venimus.

442 1063 523 1130 Cum
544 1073 652 1128 autem
669 1085 734 1128 non
755 1063 994 1148 intellegeretur
1026 1072 1128 1127 totam
1157 1060 1240 1127 hano
1266 1082 1335 1126 rem
1356 1059 1450 1124 facile

359 1172 511 1257 explicari
539 1193 633 1256 posse
654 1172 681 1235 si
702 1170 871 1236 discrimen
899 1172 984 1235 inter
1011 1170 1179 1235 relativam
1210 1179 1243 1234 ct
1270 1168 1449 1233 absolutam

357 1290 536 1365 temporum
557 1280 714 1344 rationem
735 1289 938 1362 statueretur,
954 1280 1060 1343 omnia
1077 1301 1160 1364 quae
1170 1277 1233 1342 huc
1245 1275 1449 1364 pertinebant

358 1389 460 1452 relata
492 1397 566 1451 sunt
595 1386 636 1453 ad
666 1389 827 1473 propriam
856 1386 1017 1472 quandam
1038 1388 1103 1450 vim
1124 1387 1259 1451 actionis
1280 1385 1450 1470 primariae

359 1505 565 1580 temporaque
588 1496 621 1558 in
642 1493 721 1559 duas
742 1495 813 1560 illas
835 1495 951 1559 classes
981 1494 1169 1578 distributa,
1196 1515 1279 1578 quae
1306 1491 1451 1576 legitima

358 1603 412 1667 via
432 1604 516 1666 inter
537 1625 571 1666 se
593 1603 744 1686 coniungi
764 1624 858 1688 posse
878 1602 1078 1686 grammatici
1099 1611 1229 1685 negant.

440 1734 531 1799 Haec
551 1744 659 1800 autem
680 1744 860 1821 temporum
882 1734 1064 1799 distributio
1084 1756 1122 1798 ea
1136 1733 1176 1799 de
1191 1755 1287 1798 causa
1301 1741 1450 1797 accurata

359 1863 425 1938 pon
446 1852 496 1907 est
517 1853 549 1907 et
569 1865 635 1906 non
654 1844 717 1906 nisi
738 1842 779 1906 ad
800 1841 1022 1927 explicandam
1051 1843 1138 1907 illam
1168 1852 1349 1927 temporum
1376 1863 1449 1904 con·

360 1950 555 2014 secutionem
576 1949 663 2013 facta
684 1971 754 2014 esse
768 1949 895 2015 videtur
910 1952 985 2035 quia
1001 1952 1034 2014 in
1052 1952 1268 2035 praesentium
1284 1970 1451 2013 numerum

358 2057 509 2140 redigunt
554 2068 586 2122 et
627 2059 804 2142 perfectum
843 2058 921 2124 illud
957 2058 1042 2143 quod
1076 2059 1217 2142 logicum
1251 2067 1385 2122 vocatur
1419 2066 1451 2122 et

360 2164 510 2230 futurum.

443 2297 561 2361 Totum
576 2320 652 2362 vero
671 2298 748 2364 illud
767 2320 879 2384 genus,
895 2299 981 2384 quod
996 2310 1175 2387 temporum
1195 2300 1451 2363 consecutionem

361 2414 488 2490 vocant,
517 2427 589 2468 cum
616 2407 650 2469 in
678 2409 808 2492 propria
830 2406 968 2492 quadam
988 2407 1079 2472 verbi
1097 2408 1239 2491 regentis
1261 2407 1294 2470 vi
1312 2406 1452 2491 positum

362 2535 432 2577 esse
453 2514 672 2578 existimarent
693 2517 903 2599 grammatici,
933 2514 966 2579 id
988 2515 1074 2604 quod
1095 2517 1198 2601 primo
1228 2516 1261 2579 in
1290 2512 1451 2579 nonnullis

362 2630 487 2684 tantum
508 2621 760 2687 observaverunt
782 2624 1019 2688 enuntiatorum
1039 2623 1211 2706 generibus
1233 2621 1452 2688 extendebant

363 2729 454 2812 quasi
486 2729 520 2792 iu
551 2729 698 2795 omnibus
729 2731 859 2815 valeret,
896 2730 1044 2816 quodque
1079 2733 1113 2795 in
1144 2733 1182 2796 iis
1215 2733 1452 2796 enuntiatorum

362 2838 533 2920 generibus
556 2839 759 2903 observatum
782 2848 830 2902 est
852 2860 933 2924 quae
955 2861 1080 2926 semper
1102 2841 1339 2904 coniunctivum
1360 2860 1449 2924 prae-

362 2945 441 3010 bent
466 2944 507 3009 ad
534 2947 697 3031 propriam
719 2945 879 3030 quandam
902 2949 1096 3012 coniunctivi
1116 2947 1221 3031 legem
1242 2947 1451 3012 referebatur.
