3328 5218
705 596 902 694 &pm

407 797 519 878 iratas,
542 809 709 882 antequam
730 834 770 845 ·-
791 796 969 882 offenderet.
1012 795 1085 861 hist.
1105 795 1141 860 H
1161 796 1201 862 96
1224 797 1348 870 nuntie·

408 918 470 987 tur,
491 905 596 969 missis
618 905 768 991 epistolis,
790 919 956 990 antequam
972 903 1206 993 adpreperetur.
1245 904 1294 970 IV
1308 905 1349 969 52

413 1013 527 1092 Titum,
558 1027 724 1099 antequam
755 1011 979 1100 diprederetur,
1009 1035 1115 1077 orasse
1140 1012 1258 1097 ferunt.
1300 1011 1349 1076 IV

411 1120 451 1185 79
471 1119 556 1185 unde
574 1133 672 1184 metus
700 1133 727 1185 et
756 1121 857 1184 iustae
877 1143 988 1206 preces
1016 1120 1238 1200 invocantium,
1261 1134 1348 1184 cnte-

406 1251 500 1313 quam
522 1228 765 1330 accinperentur.

624 1443 744 1529 Apud
771 1441 989 1508 Velleium.

259 1601 285 1666 Ι.
323 1623 408 1665 cum
430 1603 701 1666 coniunctivc
724 1600 973 1686 imperfecti.

346 1756 375 1798 a.
406 1735 439 1798 in
472 1736 636 1798 enuntiato
672 1733 860 1800 secundario
896 1732 1086 1797 indicativus
1122 1742 1171 1797 est
1206 1734 1348 1818 perfecti.

407 1840 1348 1926 assmnnmnmnmamtms

416 1949 1143 2034 murusumcmnmm

355 2058 387 2124 b.
416 2059 449 2122 in
478 2059 643 2123 enuntiato
673 2059 823 2144 primario
862 2067 910 2122 est
941 2057 1131 2122 indicativus
1171 2058 1351 2143 plusquam-

407 2166 551 2251 perfecti.
594 2164 809 2249 a)1128,1.

257 2308 302 2373 H.
338 2331 423 2372 cum
443 2307 683 2373 indicativo
706 2307 901 2392 perfecti.

347 2465 376 2507 a.
406 2444 440 2506 in
462 2443 627 2507 enuntiato
650 2442 800 2527 primario
823 2450 872 2505 est
893 2438 987 2504 indic.
1010 2439 1090 2524 perf.
1134 2439 1167 2522 d)
1190 2439 1225 2504 ΙΙ
1246 2441 1296 2524 45,
1318 2441 1347 2504 5.

349 2550 380 2614 b.
410 2551 567 2614 coniunct.
589 2549 691 2634 plusq.
734 2550 769 2632 β)
791 2546 826 2611 Π
847 2548 898 2631 48,
921 2548 949 2611 2.

258 2690 320 2756 ΠΙ.
343 2690 434 2756 Haec
454 2700 577 2756 restant
598 2689 763 2774 exempla:
785 2688 803 2753 Ι
824 2689 853 2771 7,
875 2689 896 2753 3
917 2688 972 2752 sed
994 2689 1126 2754 Marcus
1143 2689 1229 2772 caso,
1250 2715 1348 2778 quan·

408 2811 472 2863 tum
493 2797 616 2883 differt,
644 2797 701 2882 qui
731 2795 827 2876 dicat,
859 2797 976 2860 stetisse
1008 2795 1151 2883 Capuam
1181 2810 1348 2889 antequam

408 2931 428 2970 a
450 2905 606 2971 Romanis
633 2917 795 2991 caperetur
827 2905 922 2968 annis
951 2905 1078 2970 circiter
1108 2904 1249 2969 ducentis
1281 2928 1348 2969 sce-

409 3015 528 3101 upt‘nte.
570 3011 606 3078 H
625 3013 676 3096 49,
698 3013 719 3077 3
741 3012 824 3076 nisit
844 3025 999 3099 receptum
1020 3037 1041 3076 a
1059 3012 1260 3100 Pompeianis
1281 3037 1349 3078 cum

409 3122 489 3186 atter
510 3120 621 3186 consul
636 3120 718 3185 iusto
733 3133 808 3184 esset
818 3119 974 3205 ferocior,
993 3119 1147 3184 Lentulus
1164 3120 1273 3185 salvus
1287 3143 1350 3185 esse

406 3253 468 3295 non
484 3241 610 3315 posset,
640 3228 686 3292 M.
709 3241 811 3292 autem
834 3227 911 3292 Octo
936 3228 1131 3292 moriendum
1153 3240 1233 3309 ante,
1255 3251 1349 3315 quam

405 3338 506 3403 ultum
536 3335 748 3402 condicionem
775 3336 868 3423 pacis
900 3335 1118 3422 accipiendam
1139 3335 1350 3423 reipublicae

408 3445 586 3510 ostenderet.
629 3444 729 3528 129‚3
748 3445 831 3509 mina
853 3444 1010 3510 celeritate
1029 3444 1210 3530 compressit
1228 3457 1350 3509 utente

402 3553 543 3641 populus
553 3553 716 3617 Romanus
726 3554 839 3618 uicisse
855 3574 894 3635 se,
910 3577 1004 3638 quam
1018 3551 1135 3616 battare
1148 3564 1348 3639 copnosceret.

339 3686 436 3772 Apud
468 3685 723 3754 Sallustium
763 3685 916 3752 habemus
953 3706 1015 3748 unc
1047 3686 1117 3750 loco
1150 3684 1350 3748 enuntiatum

258 3818 278 3860 a
298 3796 454 3881 particula
475 3808 642 3880 antequam
663 3794 837 3879 incipiens:
859 3791 930 3876 Ing.
951 3793 1038 3876 97,4
1058 3806 1086 3857 et
1101 3794 1349 3879 priusquam

258 3905 412 3969 enercitus
433 3916 489 3969 aut
510 3903 635 3984 instrui,
657 3915 713 3966 aut
733 3901 880 3966 sarcines
901 3900 1053 3988 cellipme,
1080 3901 1212 3987 denique
1233 3916 1348 3966 ante·

258 4035 370 4096 quum
405 4014 528 4098 sipnum
565 4023 619 4075 cut
655 4010 822 4096 impensum
854 4008 954 4072 utitem
986 4009 1128 4095 accepere
1159 4009 1269 4093 quivit,
1300 4009 1347 4073 s'n·

257 4133 397 4184 currunt.

706 4287 904 4298 ——-.--
