3328 5218
832 630 873 696 44

308 829 384 895 VII.
414 830 489 896 duo
511 838 703 917 tempora
723 833 961 898 coniuncta
981 840 1084 897 sunt
1113 833 1154 897 in
1176 833 1402 898 enuntiato

412 939 675 1005 secundario.

390 1073 566 1139 Hoffmann
593 1070 708 1138 adtulit
739 1094 812 1138 ann.
834 1072 870 1137 Π
899 1073 941 1138 82
966 1085 1138 1160 postquam
1166 1072 1343 1160 percrebuit
1374 1085 1403 1137 et

309 1181 546 1266 adfercbantur,
580 1181 780 1267 erumpebant
815 1194 939 1266 questus
972 1179 1121 1245 addendi*
1144 1180 1177 1245 hi
1209 1189 1284 1245 sunt
1316 1180 1400 1245 loci:

308 1311 381 1354 ann.
404 1287 474 1354 XII
502 1288 522 1352 6
556 1301 722 1376 postquam
750 1289 825 1353 bueo
854 1289 999 1374 permisit
1026 1288 1187 1375 multaque
1218 1289 1401 1376 sequebatur

309 1419 336 1462 e.
359 1418 389 1482 q.
411 1420 435 1461 s.
483 1419 556 1467 nnn.
585 1395 673 1462 XIII
699 1396 741 1461 26
776 1410 944 1485 postquam
979 1396 1174 1462 aduenerant
1201 1419 1402 1484 pupnomque

304 1505 481 1590 poscebant,
512 1504 673 1589 funditur.
727 1504 782 1588 (of.
820 1505 917 1570 etiam
957 1506 1029 1570 hist.
1057 1503 1094 1570 H
1133 1505 1181 1588 19,
1215 1505 1242 1570 1.
1286 1505 1336 1589 72,
1368 1506 1398 1571 9.

308 1633 382 1676 ann.
402 1611 455 1677 ΙΠ
475 1613 525 1697 55,
547 1614 592 1696 9.)

308 1760 401 1827 VIII.
426 1784 492 1832 non
521 1785 562 1827 ex
593 1763 663 1848 ipss
700 1763 827 1827 actione
863 1763 1014 1848 primatia
1049 1761 1167 1848 pendet
1201 1764 1401 1827 enuntiatum

427 1893 447 1935 a
466 1871 623 1957 particula
638 1884 809 1958 postquam
831 1871 1010 1956 incipiens:

455 2025 530 2071 nnn.
553 2003 618 2068 XV
639 2005 690 2086 45,
713 2005 752 2069 12
779 2004 945 2089 ferebatur
967 2003 1083 2069 Senooa
1105 2003 1246 2069 oravisse
1267 2017 1295 2068 et
1313 2017 1399 2089 post-

495 2134 590 2197 quam
611 2135 674 2178 non
694 2111 927 2192 concedebatur,
949 2112 1046 2197 quasi
1064 2161 1071 2176 .
1086 2161 1115 2175 ..
1140 2111 1316 2176 cubiculum
1337 2137 1400 2176 uon

495 2241 642 2308 opressus.
685 2219 761 2284 ibid.
783 2220 875 2304 67,4
902 2242 975 2285 mom
1002 2218 1169 2284 eorundem
1198 2218 1319 2284 iudicio
1341 2219 1399 2285 Su·

501 2329 589 2394 brius
609 2327 732 2392 Flauus
752 2329 896 2393 tribunus
915 2329 1115 2416 peruertitur,
1135 2327 1240 2414 primo
1262 2327 1398 2408 trabens,

496 2436 579 2516 dein,
598 2450 766 2524 postquam
794 2435 993 2524 urpuebatur‚
1025 2435 1235 2519 confessionis
1261 2433 1399 2522 ploriam

495 2545 669 2634 ampiexus.
713 2544 786 2610 dial.
808 2545 858 2630 38,
882 2545 920 2610 17
942 2567 1005 2608 non
1026 2543 1159 2630 denique
1180 2543 1265 2608 uibus
1290 2544 1402 2631 mapni

495 2652 631 2719 oratoris
653 2653 732 2717 biber
752 2651 842 2740 apud
863 2653 1068 2717 centumviros
1090 2700 1186 2744 .....
1264 2653 1400 2740 exceptis

496 2761 691 2832 orationibus
725 2761 835 2825 Asinii
862 2783 941 2848 quae
963 2783 1028 2847 pro
1056 2759 1222 2826 heredebus
1249 2761 1400 2826 Urbiniae

495 2871 711 2936 inscribuntur
733 2869 772 2933 ab
793 2869 863 2954 ipso
885 2882 988 2933 tamen
1008 2868 1153 2948 habitae,
1182 2882 1350 2955 postquem
1370 2916 1397 2933 ..

492 2990 676 3066 pacauerat.
720 2976 793 3042 hist.
815 2975 869 3041 ΙΠ
889 2976 940 3060 47,
961 2977 983 3040 4
1002 2977 1032 3041 is
1049 2976 1118 3061 fuit
1139 2978 1290 3043 Anicetus
1310 2976 1398 3042 Poie-

495 3087 596 3157 monis
617 3085 754 3170 libertus,
780 3097 974 3171 praepotens
1002 3084 1076 3150 olim
1098 3099 1143 3166 et,
1170 3099 1336 3172 postquam
1357 3121 1400 3132 -

495 3205 638 3272 uerterat,
661 3193 845 3257 mutationis
865 3192 1044 3279 impatiens.

305 3343 366 3409 IX.
403 3365 475 3408 oum
510 3345 653 3408 oratione
688 3341 818 3429 oblique
863 3343 1050 3427 cohaerent,
1095 3342 1250 3429 praebent
1290 3354 1399 3409 autem

401 3451 605 3522 nihilominus
627 3450 837 3516 indicativum
858 3451 937 3516 haee
959 3452 1127 3537 exempla:

325 3583 326 3586 κ
453 3581 526 3640 ann.
547 3558 597 3624 1v
619 3560 668 3644 73,
690 3561 740 3624 25.
777 3559 827 3625 vl
849 3561 889 3624 14
909 3543 1008 3643 (8)·6.
1041 3560 1080 3624 31
1104 3560 1185 3644 (25),
1206 3561 1235 3624 3.

453 3841 481 3892 et
500 3840 689 3915 postquam:
710 3848 784 3891 ann.
806 3826 824 3891 I
845 3827 895 3890 28.
936 3825 971 3890 Π
992 3826 1042 3892 55.
1064 3826 1115 3892 65.
1153 3825 1202 3891 IV
1223 3827 1252 3890 3.
1274 3825 1324 3889 49.
1347 3826 1397 3890 68.

494 3936 544 4001 72.
586 3935 670 4000 XIV
690 3935 740 3999 49.
782 3933 848 3999 XV
870 3935 919 3999 37.
978 3934 1092 4000 deinde
1109 3946 1295 4021 postquam:
1323 3932 1396 3997 hist.

495 4042 545 4108 IV
566 4045 615 4108 39.
658 4041 745 4108 XIII
768 4043 815 4107 14.
837 4043 887 4107 21.
910 4042 960 4106 41.
1017 4068 1092 4106 nam
1118 4055 1286 4128 potquam:
1322 4063 1396 4106 ann.

496 4151 549 4217 XI
567 4153 617 4217 22.
655 4177 692 4216 oc
711 4166 898 4240 postquam:
920 4174 993 4216 ann.
1008 4151 1097 4216 XIII
1110 4150 1160 4215 44.
1202 4149 1301 4236 ipitur
1312 4161 1395 4235 post·

493 4283 607 4347 quam:
630 4283 703 4326 nnn.
725 4251 879 4325 XIV'60.

752 4425 949 4442 *...-ᾡ-
