3328 5218
823 607 862 674 12

300 830 369 874 eam
392 810 514 894 oopiam
536 808 633 874 habet
655 810 922 894 coniunctionum,
945 809 1060 896 quibus
1081 810 1145 876 leni
1168 812 1389 877 ooniunotione

299 917 451 980 orationis
487 916 631 981 membra
659 917 847 1002 copulantur
885 919 934 1001 (ut
965 942 1014 984 ex.
1046 941 1094 1003 gr.
1130 919 1214 1004 apud
1244 919 1388 985 Graecos

297 1024 359 1108 μὲν
379 1063 421 1070 -
440 1024 490 1107 δὲ)
512 1023 568 1088 sed
590 1026 738 1110 propriae
760 1035 791 1089 et
813 1026 950 1110 innatae,
979 1037 1016 1090 ut
1043 1027 1089 1090 ita
1110 1026 1224 1110 dicam,
1248 1028 1388 1113 singula-

299 1153 369 1196 rum
401 1132 626 1217 particularum
656 1134 802 1197 notiones
834 1135 928 1198 nimis
957 1134 1160 1219 praevalent,
1198 1144 1233 1199 ut
1262 1135 1392 1200 liberior

299 1262 374 1304 usus
404 1239 489 1324 apud
516 1241 687 1325 scriptores
716 1241 855 1326 optimae
883 1233 997 1305 aetatis
1029 1243 1071 1306 sit
1101 1243 1211 1307 rarior.
1256 1242 1329 1322 Qua
1350 1243 1390 1307 de

300 1369 396 1440 eausa
416 1347 536 1412 factum
558 1358 615 1428 est,
637 1358 673 1412 ut
695 1357 749 1412 aut
770 1347 943 1413 habeamus
966 1350 1166 1434 frequentem
1187 1372 1279 1414 usum
1294 1373 1389 1436 asyn-

299 1455 374 1539 deti,
407 1466 462 1522 aut
492 1458 632 1521 rationes
665 1457 817 1520 transitus
852 1456 990 1520 faciendi
1030 1457 1135 1521 minus
1173 1459 1236 1521 sint
1272 1459 1388 1521 variae.

299 1562 383 1627 lllud
404 1564 540 1629 alterum
561 1564 646 1650 apud
665 1565 851 1630 Sallustium
868 1565 1006 1629 maxime
1026 1564 1197 1629 observare
1212 1587 1388 1650 possumus.

301 1693 453 1755 magnum
475 1673 559 1736 enim
582 1673 819 1736 enuntiatorum
850 1694 1018 1736 numerum
1040 1673 1205 1755 coniungit
1233 1674 1389 1758 particula

298 1778 354 1842 sed
376 1780 415 1842 51.
433 1779 503 1844 Cat.
522 1783 548 1863 1,
570 1780 599 1844 2.
622 1782 651 1844 5.
674 1780 703 1863 2,
727 1780 755 1844 8.
777 1780 807 1863 3,
828 1780 857 1844 3.
880 1780 911 1863 6,
932 1780 961 1844 3.
986 1781 1013 1863 7,
1038 1780 1064 1843 l.
1087 1779 1116 1843 6.
1139 1779 1168 1862 8,
1193 1782 1218 1843 1.
1241 1781 1270 1844 3.
1295 1781 1343 1864 10,
1363 1783 1387 1845 1.

301 1887 348 1970 11,
372 1890 399 1951 1.
420 1887 450 1951 4.
485 1888 532 1971 13,
554 1889 583 1952 3.
604 1887 634 1951 4.
669 1889 717 1971 14,
739 1889 767 1952 6.
791 1889 819 1951 7.
862 1889 960 1971 16,1.
1001 1888 1049 1971 17,
1070 1888 1099 1952 6.
1146 1888 1243 1971 18,1.
1289 1889 1336 1972 19,
1358 1889 1387 1952 3.

297 1994 348 2078 20,
369 1995 398 2059 3.
421 1997 449 2059 5.
482 1996 531 2079 23,
559 1998 582 2059 l.
605 1995 634 2059 4.
657 1996 685 2059 6.
709 1995 760 2078 25,
784 1996 811 2058 1.
833 1995 862 2059 3.
891 1995 991 2078 26,1.
1022 1995 1072 2078 30,
1093 1996 1122 2059 5.
1155 1996 1206 2079 31,
1231 1998 1258 2059 7.
1286 1996 1337 2075 32,
1358 1996 1388 2060 2.

298 2102 399 2185 36,1.
428 2103 529 2186 41,1.
557 2103 659 2186 44,1.
690 2102 740 2186 48,
763 2105 791 2166 5.
823 2102 976 2186 49,1.4.
1006 2103 1056 2187 50,
1078 2104 1107 2166 4.
1130 2103 1159 2166 5.
1194 2104 1315 2186 51,10.
1339 2105 1387 2168 21.

299 2209 787 2292 33.35...394052,..1.592
810 2209 932 2274 2428
955 2210 1388 2295 53256345715

300 2317 518 2402 58,3.60,1.
546 2317 647 2401 61,1.
746 2325 748 2332 “

385 2368 1390 2510 Ιυς,135,.,.,.,.,.37382941121,.,..231347

304 2533 403 2616 14,.4
438 2533 589 2616 17,..27
621 2531 973 2616 83112124
1006 2532 1128 2614 2410
1159 2531 1389 2615 252273

298 2642 348 2724 28,
371 2642 399 2706 6.
436 2641 486 2724 29,
508 2641 537 2705 3.
560 2642 589 2704 6.
626 2640 726 2722 30,4.
760 2641 810 2722 31,
831 2640 860 2703 4.
883 2639 911 2704 8.
937 2639 984 2702 15.
1021 2639 1070 2720 36,
1093 2639 1121 2702 3.
1154 2639 1203 2722 38,
1226 2640 1254 2702 6.
1289 2639 1389 2722 39,1.

297 2750 348 2832 40,
369 2750 398 2814 3.
421 2750 449 2813 5.
485 2748 536 2832 41,
558 2749 586 2812 3.
622 2749 672 2831 42,
693 2750 722 2813 3.
745 2750 774 2812 4.
810 2748 860 2829 44,
886 2749 912 2810 1.
934 2747 963 2810 5.
1006 2747 1108 2829 45,1.
1151 2747 1253 2827 50,1.
1289 2747 1339 2829 51,
1360 2747 1389 2810 5.

300 2854 1389 2940 ὢ5ἣ6ω3ω3ῶ3η1ἢ7ᾏ2ᾘ1

301 2965 350 3047 77,
375 2969 400 3028 l.
424 2965 474 3048 79,
496 2965 523 3027 1.
546 2964 574 3028 8.
597 2964 647 3047 84,
669 2964 698 3027 4.
721 2964 771 3046 85,
793 2963 822 3026 2.
844 2963 893 3027 26.
916 2962 965 3026 28.
989 2963 1038 3046 87,
1063 2963 1089 3026 1.
1112 2961 1161 3044 88,
1183 2962 1212 3026 2.
1236 2962 1285 3045 89,
1310 2964 1337 3026 1.
1361 2965 1390 3025 3.

297 3073 348 3154 91,
369 3071 398 3135 4.
434 3072 484 3155 92,
506 3073 535 3135 3.
559 3073 587 3135 7.
622 3070 673 3151 94,
697 3071 723 3133 1.
745 3071 775 3134 4.
812 3070 864 3153 95,
886 3071 915 3134 3.
958 3069 1008 3148 98,
1030 3070 1058 3133 7.
1103 3069 1171 3147 101,
1194 3069 1223 3133 2.
1270 3069 1339 3152 102,
1361 3070 1390 3151 9ι

257 3193 259 3196 ’
301 3180 368 3262 105,
391 3180 419 3243 3.
458 3178 526 3259 108,
548 3179 577 3242 3.
618 3178 687 3261 109,
709 3177 739 3242 4.
784 3177 854 3261 113,
878 3178 904 3241 1.
928 3178 956 3241 3.
1005 3178 1074 3260 114,
1096 3178 1125 3240 3.
1161 3176 1295 3241 totidem
1324 3177 1391 3240 fere

298 3286 452 3351 habemus
474 3288 589 3372 itaque,
612 3286 719 3373 iqitar,
743 3287 799 3349 ito.
831 3284 964 3349 totidem
986 3298 1088 3370 atque,
1109 3285 1167 3363 vel,
1190 3299 1232 3347 ot.
1275 3285 1327 3348 Ex
1341 3283 1391 3348 his

299 3395 378 3458 satis
412 3395 555 3479 intellegi
586 3403 693 3479 potest
726 3393 937 3457 elocutionem
966 3391 1194 3458 Sallustianam
1225 3393 1390 3456 varietatis

298 3503 392 3568 laude
414 3525 531 3586 carere,
554 3523 747 3588 quamquam
769 3499 829 3564 hoo
851 3522 977 3585 quoque
1007 3500 1244 3565 eoncedendum
1267 3511 1325 3584 est,
1358 3502 1391 3564 in

298 3610 528 3695 posterioribus
558 3609 632 3674 belli
653 3607 837 3692 Iugurthini
869 3608 1013 3693 partibus
1044 3609 1271 3693 particularum
1298 3630 1391 3673 usum

298 3718 368 3783 fieri
389 3719 491 3802 magis
511 3718 646 3800 varium,
668 3738 764 3801 saepe
785 3717 869 3780 enim
890 3717 1068 3780 invenimus
1095 3731 1235 3795 ceterum,
1255 3717 1390 3792 interim,

299 3828 418 3891 intereo
440 3827 508 3890 sim.

382 3932 479 4018 Apud
501 3933 650 3997 Tacitum
670 3933 824 3997 habemus
846 3933 985 3995 maxime
1012 3931 1045 3994 in
1070 3931 1108 3994 iis
1130 3931 1274 4016 partibus
1296 3931 1390 3996 libro-

298 4063 369 4106 rum
397 4041 511 4127 quibus
548 4063 604 4104 res
628 4040 812 4104 describunt
799 4050 851 4104 tur
881 4039 1082 4124 frequentem
1110 4038 1256 4123 asyndeti
1288 4061 1390 4123 usum,

300 4150 339 4213 of.
363 4148 626 4214 Germaniamet
647 4148 720 4212 hist.
742 4147 840 4211 Il-
846 4148 973 4211 l2int
960 4147 1098 4210 transitu
1119 4146 1265 4210 faciendo
1287 4147 1390 4211 nullas

299 4257 453 4323 habemus
481 4266 554 4342 part
541 4257 663 4338 tieulas,
692 4277 827 4341 quarum
855 4277 931 4319 usus
965 4256 1010 4318 sio
1038 4255 1262 4340 praevaletu
1242 4254 1390 4340 taupud

299 4365 486 4432 Sallustium
512 4363 687 4450 particulae
715 4362 786 4444 sed,
816 4362 924 4450 iqitar,
954 4361 1111 4447 quaedam
1132 4371 1239 4426 tamen
1259 4361 1390 4428 locutio·
