<?xml version="1.0" encoding="UTF-8"?>
<!DOCTYPE html PUBLIC "-//W3C//DTD XHTML 1.0 Transitional//EN"
    "http://www.w3.org/TR/xhtml1/DTD/xhtml1-transitional.dtd">
<html xmlns="http://www.w3.org/1999/xhtml" xml:lang="en" lang="en">
 <head>
  <title>
</title>
<meta http-equiv="Content-Type" content="text/html;charset=utf-8" />
  <meta name='ocr-system' content='tesseract 3.04.00' />
  <meta name='ocr-capabilities' content='ocr_page ocr_carea ocr_par ocr_line ocrx_word'/>
</head>
<body>
  <div class='ocr_page' id='page_1' title='image "./quaestionessynt01ihmgoog_0036.png"; bbox 0 0 3328 5218; ppageno 0'>
   <div class='ocr_carea' id='block_1_1' title="bbox 789 607 828 671">
    <p class='ocr_par' dir='ltr' id='par_1_1' title="bbox 789 607 828 671">
     <span class='ocr_line' id='line_1_1' title="bbox 789 607 828 671; baseline -0.026 0"><span class='ocrx_word' id='word_1_1' title='bbox 789 607 828 671; x_wconf 87' lang='grc'><strong>31</strong></span> 
     </span>
    </p>
   </div>
   <div class='ocr_carea' id='block_1_2' title="bbox 362 803 1348 978">
    <p class='ocr_par' dir='ltr' id='par_1_2' title="bbox 362 803 1348 978">
     <span class='ocr_line' id='line_1_2' title="bbox 362 803 1348 890; baseline -0.003 -19"><span class='ocrx_word' id='word_1_2' title='bbox 362 805 395 890; x_wconf 74' lang='grc' dir='ltr'><strong>ὁ)</strong></span> <span class='ocrx_word' id='word_1_3' title='bbox 427 805 596 870; x_wconf 91' lang='lat' dir='ltr'><strong>verbum</strong></span> <span class='ocrx_word' id='word_1_4' title='bbox 616 815 752 871; x_wconf 85' lang='lat' dir='ltr'><strong>enunt.</strong></span> <span class='ocrx_word' id='word_1_5' title='bbox 775 828 852 871; x_wconf 85' lang='lat' dir='ltr'><strong>aec.</strong></span> <span class='ocrx_word' id='word_1_6' title='bbox 876 805 1000 870; x_wconf 88' lang='lat' dir='ltr'><strong>deest.</strong></span> <span class='ocrx_word' id='word_1_7' title='bbox 1054 803 1127 870; x_wconf 90' lang='lat' dir='ltr'><strong>hist.</strong></span> <span class='ocrx_word' id='word_1_8' title='bbox 1157 803 1206 868; x_wconf 87' lang='lat' dir='ltr'><strong>IV</strong></span> <span class='ocrx_word' id='word_1_9' title='bbox 1227 804 1276 888; x_wconf 88' lang='lat'><strong>83,</strong></span> <span class='ocrx_word' id='word_1_10' title='bbox 1301 804 1348 868; x_wconf 79' lang='lat'><strong>14.</strong></span> 
     </span>
     <span class='ocr_line' id='line_1_3' title="bbox 426 912 847 978; baseline 0 0"><span class='ocrx_word' id='word_1_11' title='bbox 426 912 607 978; x_wconf 88' lang='lat' dir='ltr'><strong>ann.H9.</strong></span> <span class='ocrx_word' id='word_1_12' title='bbox 631 913 679 978; x_wconf 84' lang='grc'><strong>14.</strong></span> <span class='ocrx_word' id='word_1_13' title='bbox 711 912 776 977; x_wconf 89' lang='lat' dir='ltr'><strong>XV</strong></span> <span class='ocrx_word' id='word_1_14' title='bbox 797 914 847 978; x_wconf 77' lang='grc'><strong>50.</strong></span> 
     </span>
    </p>
   </div>
   <div class='ocr_carea' id='block_1_3' title="bbox 258 1044 1348 1454">
    <p class='ocr_par' dir='ltr' id='par_1_3' title="bbox 301 1044 1347 1133">
     <span class='ocr_line' id='line_1_4' title="bbox 301 1044 1347 1133; baseline -0.003 -22"><span class='ocrx_word' id='word_1_15' title='bbox 301 1070 326 1112; x_wconf 88' lang='lat' dir='ltr'><strong>c.</strong></span> <span class='ocrx_word' id='word_1_16' title='bbox 359 1047 586 1112; x_wconf 88' lang='lat' dir='ltr'><strong>enuntiata</strong></span> <span class='ocrx_word' id='word_1_17' title='bbox 615 1048 889 1111; x_wconf 85' lang='lat' dir='ltr'><strong>consecutiva</strong></span> <span class='ocrx_word' id='word_1_18' title='bbox 915 1068 1041 1133; x_wconf 83' lang='lat' dir='ltr'>semper</span> <span class='ocrx_word' id='word_1_19' title='bbox 1061 1044 1213 1109; x_wconf 85' lang='lat' dir='ltr'><strong>habemus</strong></span> <span class='ocrx_word' id='word_1_20' title='bbox 1234 1046 1347 1129; x_wconf 91' lang='lat' dir='ltr'><strong>imper·</strong></span> 
     </span>
    </p>

    <p class='ocr_par' dir='ltr' id='par_1_4' title="bbox 360 1137 1348 1219">
     <span class='ocr_line' id='line_1_5' title="bbox 360 1137 1348 1219; baseline -0.001 -2"><span class='ocrx_word' id='word_1_21' title='bbox 360 1154 499 1219; x_wconf 87' lang='lat' dir='ltr'><strong>fectum:</strong></span> <span class='ocrx_word' id='word_1_22' title='bbox 521 1175 594 1218; x_wconf 90' lang='lat' dir='ltr'><strong>ann.</strong></span> <span class='ocrx_word' id='word_1_23' title='bbox 616 1152 669 1217; x_wconf 90' lang='lat' dir='ltr'><strong>XI</strong></span> <span class='ocrx_word' id='word_1_24' title='bbox 690 1153 740 1217; x_wconf 80' lang='grc'><strong>32.</strong></span> <span class='ocrx_word' id='word_1_25' title='bbox 777 1152 864 1217; x_wconf 89' lang='lat' dir='ltr'>XIII</span> <span class='ocrx_word' id='word_1_26' title='bbox 886 1137 914 1218; x_wconf 83' lang='lat'><strong>8.</strong></span> <span class='ocrx_word' id='word_1_27' title='bbox 935 1153 986 1218; x_wconf 83' lang='lat'><strong>20.</strong></span> <span class='ocrx_word' id='word_1_28' title='bbox 1006 1154 1057 1217; x_wconf 85' lang='lat'><strong>41.</strong></span> <span class='ocrx_word' id='word_1_29' title='bbox 1089 1151 1155 1216; x_wconf 92' lang='lat' dir='ltr'><strong>XV</strong></span> <span class='ocrx_word' id='word_1_30' title='bbox 1177 1152 1206 1214; x_wconf 88' lang='lat'><strong>9.</strong></span> <span class='ocrx_word' id='word_1_31' title='bbox 1227 1152 1277 1216; x_wconf 79' lang='lat'><strong>55.</strong></span> <span class='ocrx_word' id='word_1_32' title='bbox 1299 1152 1348 1216; x_wconf 83' lang='lat'><strong>60.</strong></span> 
     </span>
    </p>

    <p class='ocr_par' dir='ltr' id='par_1_5' title="bbox 258 1258 1348 1454">
     <span class='ocr_line' id='line_1_6' title="bbox 259 1258 1348 1345; baseline -0.004 -20"><span class='ocrx_word' id='word_1_33' title='bbox 259 1261 429 1326; x_wconf 85' lang='lat' dir='ltr'><strong>Praevalet</strong></span> <span class='ocrx_word' id='word_1_34' title='bbox 450 1261 549 1345; x_wconf 86' lang='lat' dir='ltr'><strong>igitur</strong></span> <span class='ocrx_word' id='word_1_35' title='bbox 575 1262 609 1324; x_wconf 94' lang='lat' dir='ltr'><strong>in</strong></span> <span class='ocrx_word' id='word_1_36' title='bbox 629 1260 678 1325; x_wconf 86' lang='lat' dir='ltr'><strong>his</strong></span> <span class='ocrx_word' id='word_1_37' title='bbox 701 1262 938 1325; x_wconf 87' lang='lat' dir='ltr'><strong>enuntiatorum</strong></span> <span class='ocrx_word' id='word_1_38' title='bbox 960 1259 1130 1344; x_wconf 89' lang='lat' dir='ltr'><strong>generibus</strong></span> <span class='ocrx_word' id='word_1_39' title='bbox 1152 1258 1236 1344; x_wconf 90' lang='lat' dir='ltr'><strong>apud</strong></span> <span class='ocrx_word' id='word_1_40' title='bbox 1257 1259 1348 1322; x_wconf 83' lang='lat' dir='ltr'><strong>Taci-</strong></span> 
     </span>
     <span class='ocr_line' id='line_1_7' title="bbox 258 1368 1094 1454; baseline -0.002 -21"><span class='ocrx_word' id='word_1_41' title='bbox 258 1378 328 1434; x_wconf 87' lang='lat' dir='ltr'><strong>tum</strong></span> <span class='ocrx_word' id='word_1_42' title='bbox 348 1390 425 1432; x_wconf 88' lang='lat' dir='ltr'><strong>usus</strong></span> <span class='ocrx_word' id='word_1_43' title='bbox 447 1369 612 1453; x_wconf 87' lang='lat' dir='ltr'><strong>praeteriti</strong></span> <span class='ocrx_word' id='word_1_44' title='bbox 633 1377 706 1453; x_wconf 86' lang='lat' dir='ltr'><strong>post</strong></span> <span class='ocrx_word' id='word_1_45' title='bbox 727 1389 877 1454; x_wconf 82' lang='lat' dir='ltr'><strong>praesens</strong></span> <span class='ocrx_word' id='word_1_46' title='bbox 899 1368 1094 1432; x_wconf 87' lang='lat' dir='ltr'><strong>historicum.</strong></span> 
     </span>
    </p>
   </div>
   <div class='ocr_carea' id='block_1_4' title="bbox 257 1557 1350 2180">
    <p class='ocr_par' dir='ltr' id='par_1_6' title="bbox 259 1557 1350 1965">
     <span class='ocr_line' id='line_1_8' title="bbox 341 1557 1348 1642; baseline -0.003 -19"><span class='ocrx_word' id='word_1_47' title='bbox 341 1560 381 1624; x_wconf 92' lang='lat' dir='ltr'><strong>V.</strong></span> <span class='ocrx_word' id='word_1_48' title='bbox 413 1558 588 1623; x_wconf 82' lang='lat' dir='ltr'><strong>Videamus</strong></span> <span class='ocrx_word' id='word_1_49' title='bbox 610 1580 695 1622; x_wconf 90' lang='lat' dir='ltr'><strong>nunc</strong></span> <span class='ocrx_word' id='word_1_50' title='bbox 717 1579 778 1642; x_wconf 94' lang='lat' dir='ltr'><strong>quo</strong></span> <span class='ocrx_word' id='word_1_51' title='bbox 801 1557 896 1622; x_wconf 93' lang='lat' dir='ltr'><strong>modo</strong></span> <span class='ocrx_word' id='word_1_52' title='bbox 911 1557 1081 1622; x_wconf 83' lang='lat' dir='ltr'><strong>discrimen</strong></span> <span class='ocrx_word' id='word_1_53' title='bbox 1095 1559 1179 1626; x_wconf 89' lang='lat' dir='ltr'><strong>inter</strong></span> <span class='ocrx_word' id='word_1_54' title='bbox 1192 1558 1348 1621; x_wconf 92' lang='lat' dir='ltr'><strong>rationem</strong></span> 
     </span>
     <span class='ocr_line' id='line_1_9' title="bbox 259 1663 1348 1751; baseline -0.004 -21"><span class='ocrx_word' id='word_1_55' title='bbox 259 1675 439 1751; x_wconf 85' lang='lat' dir='ltr'><strong>temporum</strong></span> <span class='ocrx_word' id='word_1_56' title='bbox 459 1667 626 1730; x_wconf 85' lang='lat' dir='ltr'><strong>relativam</strong></span> <span class='ocrx_word' id='word_1_57' title='bbox 648 1675 680 1729; x_wconf 88' lang='lat' dir='ltr'><strong>et</strong></span> <span class='ocrx_word' id='word_1_58' title='bbox 700 1665 879 1729; x_wconf 82' lang='lat' dir='ltr'><strong>absolutam</strong></span> <span class='ocrx_word' id='word_1_59' title='bbox 911 1687 946 1728; x_wconf 85' lang='lat' dir='ltr'><strong>se</strong></span> <span class='ocrx_word' id='word_1_60' title='bbox 966 1663 1084 1730; x_wconf 89' lang='lat' dir='ltr'><strong>habeat</strong></span> <span class='ocrx_word' id='word_1_61' title='bbox 1106 1667 1139 1729; x_wconf 93' lang='lat' dir='ltr'><strong>in</strong></span> <span class='ocrx_word' id='word_1_62' title='bbox 1160 1666 1230 1730; x_wconf 90' lang='lat' dir='ltr'><strong>aliis</strong></span> <span class='ocrx_word' id='word_1_63' title='bbox 1252 1685 1348 1728; x_wconf 93' lang='lat' dir='ltr'><strong>enun-</strong></span> 
     </span>
     <span class='ocr_line' id='line_1_10' title="bbox 259 1771 1350 1857; baseline -0.003 -20"><span class='ocrx_word' id='word_1_64' title='bbox 259 1775 410 1838; x_wconf 85' lang='lat' dir='ltr'><strong>tiatorum</strong></span> <span class='ocrx_word' id='word_1_65' title='bbox 432 1772 601 1857; x_wconf 85' lang='lat' dir='ltr'><strong>generibus</strong></span> <span class='ocrx_word' id='word_1_66' title='bbox 624 1773 764 1857; x_wconf 85' lang='lat' dir='ltr'><strong>exceptis</strong></span> <span class='ocrx_word' id='word_1_67' title='bbox 781 1782 812 1836; x_wconf 90' lang='lat' dir='ltr'><strong>et</strong></span> <span class='ocrx_word' id='word_1_68' title='bbox 831 1771 880 1836; x_wconf 89' lang='lat' dir='ltr'><strong>his</strong></span> <span class='ocrx_word' id='word_1_69' title='bbox 903 1792 985 1857; x_wconf 91' lang='lat' dir='ltr'><strong>quae</strong></span> <span class='ocrx_word' id='word_1_70' title='bbox 1006 1774 1069 1836; x_wconf 92' lang='lat' dir='ltr'><strong>iam</strong></span> <span class='ocrx_word' id='word_1_71' title='bbox 1091 1773 1296 1836; x_wconf 82' lang='lat' dir='ltr'><strong>tractavimus</strong></span> <span class='ocrx_word' id='word_1_72' title='bbox 1318 1781 1350 1835; x_wconf 89' lang='lat' dir='ltr'><strong>et</strong></span> 
     </span>
     <span class='ocr_line' id='line_1_11' title="bbox 259 1878 1226 1965; baseline -0.003 -20"><span class='ocrx_word' id='word_1_73' title='bbox 259 1881 487 1965; x_wconf 89' lang='lat' dir='ltr'><strong>temporalibus</strong></span> <span class='ocrx_word' id='word_1_74' title='bbox 512 1901 594 1965; x_wconf 89' lang='lat' dir='ltr'><strong>quae</strong></span> <span class='ocrx_word' id='word_1_75' title='bbox 615 1878 700 1944; x_wconf 87' lang='lat' dir='ltr'><strong>infra</strong></span> <span class='ocrx_word' id='word_1_76' title='bbox 721 1881 899 1944; x_wconf 85' lang='lat' dir='ltr'><strong>accuratius</strong></span> <span class='ocrx_word' id='word_1_77' title='bbox 921 1881 1087 1944; x_wconf 89' lang='lat' dir='ltr'><strong>tractaturi</strong></span> <span class='ocrx_word' id='word_1_78' title='bbox 1109 1901 1226 1943; x_wconf 89' lang='lat' dir='ltr'><strong>sumus.</strong></span> 
     </span>
    </p>

    <p class='ocr_par' dir='ltr' id='par_1_7' title="bbox 257 1986 1350 2180">
     <span class='ocr_line' id='line_1_12' title="bbox 340 1986 1350 2071; baseline -0.002 -19"><span class='ocrx_word' id='word_1_79' title='bbox 340 1989 387 2052; x_wconf 95' lang='lat' dir='ltr'><strong>In</strong></span> <span class='ocrx_word' id='word_1_80' title='bbox 418 1988 647 2052; x_wconf 88' lang='lat' dir='ltr'><strong>enuntiatis</strong></span> <span class='ocrx_word' id='word_1_81' title='bbox 679 1986 915 2052; x_wconf 87' lang='lat' dir='ltr'><strong>causalibus</strong></span> <span class='ocrx_word' id='word_1_82' title='bbox 948 1996 1126 2071; x_wconf 90' lang='lat' dir='ltr'><strong>temporum</strong></span> <span class='ocrx_word' id='word_1_83' title='bbox 1155 1987 1295 2051; x_wconf 89' lang='lat' dir='ltr'><strong>rationes</strong></span> <span class='ocrx_word' id='word_1_84' title='bbox 1316 1988 1350 2050; x_wconf 94' lang='lat' dir='ltr'><strong>in</strong></span> 
     </span>
     <span class='ocr_line' id='line_1_13' title="bbox 257 2093 890 2180; baseline 0 -22"><span class='ocrx_word' id='word_1_85' title='bbox 257 2093 342 2160; x_wconf 87' lang='lat' dir='ltr'><strong>hunc</strong></span> <span class='ocrx_word' id='word_1_86' title='bbox 361 2095 491 2160; x_wconf 93' lang='lat' dir='ltr'><strong>modum</strong></span> <span class='ocrx_word' id='word_1_87' title='bbox 514 2095 681 2159; x_wconf 91' lang='lat' dir='ltr'><strong>instituere</strong></span> <span class='ocrx_word' id='word_1_88' title='bbox 702 2116 890 2180; x_wconf 89' lang='lat' dir='ltr'><strong>possumus:</strong></span> 
     </span>
    </p>
   </div>
   <div class='ocr_carea' id='block_1_5' title="bbox 320 2228 1347 4352">
    <p class='ocr_par' dir='ltr' id='par_1_8' title="bbox 320 2228 1346 2317">
     <span class='ocr_line' id='line_1_14' title="bbox 320 2228 1346 2317; baseline 0.003 -26"><span class='ocrx_word' id='word_1_89' title='bbox 320 2228 361 2292; x_wconf 90' lang='lat' dir='ltr'><strong>A.</strong></span> <span class='ocrx_word' id='word_1_90' title='bbox 387 2230 470 2292; x_wconf 89' lang='lat' dir='ltr'><strong>actio</strong></span> <span class='ocrx_word' id='word_1_91' title='bbox 492 2231 646 2313; x_wconf 89' lang='lat' dir='ltr'><strong>primaria</strong></span> <span class='ocrx_word' id='word_1_92' title='bbox 667 2240 698 2294; x_wconf 95' lang='lat' dir='ltr'><strong>et</strong></span> <span class='ocrx_word' id='word_1_93' title='bbox 720 2229 908 2317; x_wconf 87' lang='lat' dir='ltr'><strong>secundaria</strong></span> <span class='ocrx_word' id='word_1_94' title='bbox 927 2229 1068 2294; x_wconf 87' lang='lat' dir='ltr'><strong>ciusdem</strong></span> <span class='ocrx_word' id='word_1_95' title='bbox 1090 2240 1165 2294; x_wconf 86' lang='lat' dir='ltr'><strong>sunt</strong></span> <span class='ocrx_word' id='word_1_96' title='bbox 1185 2231 1346 2314; x_wconf 86' lang='lat' dir='ltr'><strong>temporis.</strong></span> 
     </span>
    </p>

    <p class='ocr_par' dir='ltr' id='par_1_9' title="bbox 357 2336 601 2403">
     <span class='ocr_line' id='line_1_15' title="bbox 357 2336 601 2403; baseline 0.016 -4"><span class='ocrx_word' id='word_1_97' title='bbox 357 2357 386 2400; x_wconf 89' lang='lat' dir='ltr'><strong>a.</strong></span> <span class='ocrx_word' id='word_1_98' title='bbox 409 2336 601 2403; x_wconf 86' lang='lat' dir='ltr'><strong>coincidunt.</strong></span> 
     </span>
    </p>

    <p class='ocr_par' dir='ltr' id='par_1_10' title="bbox 408 2445 950 2530">
     <span class='ocr_line' id='line_1_16' title="bbox 408 2445 950 2530; baseline 0 -22"><span class='ocrx_word' id='word_1_99' title='bbox 408 2447 443 2525; x_wconf 85' lang='lat' dir='ltr'><strong>a)</strong></span> <span class='ocrx_word' id='word_1_100' title='bbox 472 2466 574 2530; x_wconf 86' lang='lat' dir='ltr'><strong>praes.</strong></span> <span class='ocrx_word' id='word_1_101' title='bbox 598 2481 637 2490; x_wconf 92' lang='lat'>-</span> <span class='ocrx_word' id='word_1_102' title='bbox 659 2466 762 2529; x_wconf 85' lang='lat' dir='ltr'><strong>praes.</strong></span> <span class='ocrx_word' id='word_1_103' title='bbox 797 2445 878 2529; x_wconf 85' lang='lat' dir='ltr'><strong>Agr.</strong></span> <span class='ocrx_word' id='word_1_104' title='bbox 903 2446 950 2524; x_wconf 91' lang='lat'><strong>10.</strong></span> 
     </span>
    </p>

    <p class='ocr_par' dir='ltr' id='par_1_11' title="bbox 407 2552 950 2638">
     <span class='ocr_line' id='line_1_17' title="bbox 407 2552 950 2638; baseline 0.004 -23"><span class='ocrx_word' id='word_1_105' title='bbox 407 2554 442 2633; x_wconf 81' lang='grc' dir='ltr'><strong>β)</strong></span> <span class='ocrx_word' id='word_1_106' title='bbox 475 2553 550 2636; x_wconf 92' lang='lat' dir='ltr'><strong>imp.</strong></span> <span class='ocrx_word' id='word_1_107' title='bbox 600 2589 641 2598; x_wconf 86' lang='lat'>-</span> <span class='ocrx_word' id='word_1_108' title='bbox 661 2554 736 2638; x_wconf 93' lang='lat' dir='ltr'><strong>imp.</strong></span> <span class='ocrx_word' id='word_1_109' title='bbox 800 2552 880 2635; x_wconf 85' lang='lat' dir='ltr'><strong>Agr.</strong></span> <span class='ocrx_word' id='word_1_110' title='bbox 901 2553 950 2617; x_wconf 85' lang='lat'><strong>30.</strong></span> 
     </span>
    </p>

    <p class='ocr_par' dir='ltr' id='par_1_12' title="bbox 409 2658 1014 2745">
     <span class='ocr_line' id='line_1_18' title="bbox 409 2658 1014 2745; baseline 0.003 -23"><span class='ocrx_word' id='word_1_111' title='bbox 409 2658 443 2743; x_wconf 83' lang='lat' dir='ltr'><strong>y)</strong></span> <span class='ocrx_word' id='word_1_112' title='bbox 473 2658 553 2743; x_wconf 87' lang='lat' dir='ltr'><strong>perf.</strong></span> <span class='ocrx_word' id='word_1_113' title='bbox 597 2697 639 2706; x_wconf 91' lang='grc'>-</span> <span class='ocrx_word' id='word_1_114' title='bbox 659 2661 734 2745; x_wconf 91' lang='lat' dir='ltr'><strong>imp.</strong></span> <span class='ocrx_word' id='word_1_115' title='bbox 797 2681 870 2724; x_wconf 89' lang='lat' dir='ltr'><strong>ann.</strong></span> <span class='ocrx_word' id='word_1_116' title='bbox 892 2658 944 2723; x_wconf 91' lang='lat' dir='ltr'><strong>XI</strong></span> <span class='ocrx_word' id='word_1_117' title='bbox 964 2661 1014 2724; x_wconf 93' lang='grc'><strong>20.</strong></span> 
     </span>
    </p>

    <p class='ocr_par' dir='ltr' id='par_1_13' title="bbox 409 2766 1016 2852">
     <span class='ocr_line' id='line_1_19' title="bbox 409 2766 1016 2852; baseline 0.003 -22"><span class='ocrx_word' id='word_1_118' title='bbox 409 2766 442 2849; x_wconf 78' lang='lat' dir='ltr'><strong>d)</strong></span> <span class='ocrx_word' id='word_1_119' title='bbox 471 2767 574 2852; x_wconf 88' lang='lat' dir='ltr'><strong>plusq.</strong></span> <span class='ocrx_word' id='word_1_120' title='bbox 597 2805 639 2814; x_wconf 90' lang='lat'>—</span> <span class='ocrx_word' id='word_1_121' title='bbox 659 2769 733 2851; x_wconf 90' lang='lat' dir='ltr'><strong>imp.</strong></span> <span class='ocrx_word' id='word_1_122' title='bbox 796 2766 870 2832; x_wconf 88' lang='lat' dir='ltr'><strong>hist.</strong></span> <span class='ocrx_word' id='word_1_123' title='bbox 892 2767 945 2831; x_wconf 92' lang='lat' dir='ltr'><strong>HI</strong></span> <span class='ocrx_word' id='word_1_124' title='bbox 966 2769 1016 2832; x_wconf 78' lang='lat'><strong>54.</strong></span> 
     </span>
    </p>

    <p class='ocr_par' dir='ltr' id='par_1_14' title="bbox 358 2872 1346 3067">
     <span class='ocr_line' id='line_1_20' title="bbox 358 2872 1346 2960; baseline 0.003 -24"><span class='ocrx_word' id='word_1_125' title='bbox 358 2872 388 2937; x_wconf 90' lang='lat' dir='ltr'><strong>b.</strong></span> <span class='ocrx_word' id='word_1_126' title='bbox 410 2874 493 2937; x_wconf 84' lang='lat' dir='ltr'><strong>actio</strong></span> <span class='ocrx_word' id='word_1_127' title='bbox 521 2872 709 2938; x_wconf 88' lang='lat' dir='ltr'><strong>secundaria</strong></span> <span class='ocrx_word' id='word_1_128' title='bbox 741 2884 836 2938; x_wconf 90' lang='lat' dir='ltr'><strong>antea</strong></span> <span class='ocrx_word' id='word_1_129' title='bbox 863 2875 927 2939; x_wconf 89' lang='lat' dir='ltr'><strong>iam</strong></span> <span class='ocrx_word' id='word_1_130' title='bbox 956 2875 1098 2960; x_wconf 85' lang='lat' dir='ltr'><strong>perfecta</strong></span> <span class='ocrx_word' id='word_1_131' title='bbox 1125 2887 1173 2941; x_wconf 89' lang='lat' dir='ltr'><strong>est</strong></span> <span class='ocrx_word' id='word_1_132' title='bbox 1203 2887 1235 2941; x_wconf 90' lang='lat' dir='ltr'><strong>et</strong></span> <span class='ocrx_word' id='word_1_133' title='bbox 1256 2877 1346 2940; x_wconf 92' lang='lat' dir='ltr'><strong>abso-</strong></span> 
     </span>
     <span class='ocr_line' id='line_1_21' title="bbox 407 2980 1041 3067; baseline 0.003 -22"><span class='ocrx_word' id='word_1_134' title='bbox 407 2980 484 3063; x_wconf 84' lang='lat' dir='ltr'><strong>luta,</strong></span> <span class='ocrx_word' id='word_1_135' title='bbox 508 3002 604 3065; x_wconf 88' lang='lat' dir='ltr'><strong>quam</strong></span> <span class='ocrx_word' id='word_1_136' title='bbox 625 2983 708 3045; x_wconf 89' lang='lat' dir='ltr'><strong>actio</strong></span> <span class='ocrx_word' id='word_1_137' title='bbox 731 2983 880 3066; x_wconf 88' lang='lat' dir='ltr'><strong>primaria</strong></span> <span class='ocrx_word' id='word_1_138' title='bbox 901 2983 1041 3067; x_wconf 88' lang='lat' dir='ltr'><strong>incipiat.</strong></span> 
     </span>
    </p>

    <p class='ocr_par' dir='ltr' id='par_1_15' title="bbox 408 3089 911 3174">
     <span class='ocr_line' id='line_1_22' title="bbox 408 3089 911 3174; baseline 0 -21"><span class='ocrx_word' id='word_1_139' title='bbox 408 3089 442 3172; x_wconf 88' lang='grc' dir='ltr'><strong>α)</strong></span> <span class='ocrx_word' id='word_1_140' title='bbox 472 3089 551 3174; x_wconf 88' lang='lat' dir='ltr'><strong>perf.</strong></span> <span class='ocrx_word' id='word_1_141' title='bbox 572 3125 613 3134; x_wconf 88' lang='lat'><em>—</em></span> <span class='ocrx_word' id='word_1_142' title='bbox 634 3090 736 3174; x_wconf 89' lang='lat' dir='ltr'><strong>plusq.</strong></span> <span class='ocrx_word' id='word_1_143' title='bbox 779 3089 860 3174; x_wconf 85' lang='lat' dir='ltr'><strong>Agr.</strong></span> <span class='ocrx_word' id='word_1_144' title='bbox 881 3090 911 3153; x_wconf 88' lang='lat'><strong>4.</strong></span> 
     </span>
    </p>

    <p class='ocr_par' dir='ltr' id='par_1_16' title="bbox 408 3196 978 3281">
     <span class='ocr_line' id='line_1_23' title="bbox 408 3196 978 3281; baseline 0.007 -24"><span class='ocrx_word' id='word_1_145' title='bbox 408 3196 442 3278; x_wconf 84' lang='grc' dir='ltr'><strong>β)</strong></span> <span class='ocrx_word' id='word_1_146' title='bbox 471 3196 546 3280; x_wconf 91' lang='lat' dir='ltr'><strong>imp.</strong></span> <span class='ocrx_word' id='word_1_147' title='bbox 575 3233 616 3244; x_wconf 90' lang='lat'><strong>·-</strong></span> <span class='ocrx_word' id='word_1_148' title='bbox 636 3197 739 3281; x_wconf 88' lang='lat' dir='ltr'><strong>plusq.</strong></span> <span class='ocrx_word' id='word_1_149' title='bbox 781 3196 854 3261; x_wconf 90' lang='lat' dir='ltr'><strong>hist.</strong></span> <span class='ocrx_word' id='word_1_150' title='bbox 876 3196 978 3261; x_wconf 83' lang='lat'><strong>1114.</strong></span> 
     </span>
    </p>

    <p class='ocr_par' dir='ltr' id='par_1_17' title="bbox 361 3303 1347 3816">
     <span class='ocr_line' id='line_1_24' title="bbox 361 3303 1347 3388; baseline 0.005 -23"><span class='ocrx_word' id='word_1_151' title='bbox 361 3326 387 3368; x_wconf 91' lang='lat' dir='ltr'><strong>c.</strong></span> <span class='ocrx_word' id='word_1_152' title='bbox 411 3303 557 3388; x_wconf 90' lang='lat' dir='ltr'><strong>proprius</strong></span> <span class='ocrx_word' id='word_1_153' title='bbox 578 3303 640 3366; x_wconf 89' lang='lat' dir='ltr'><strong>iam</strong></span> <span class='ocrx_word' id='word_1_154' title='bbox 663 3303 842 3368; x_wconf 83' lang='lat' dir='ltr'><strong>accedimus</strong></span> <span class='ocrx_word' id='word_1_155' title='bbox 864 3304 905 3368; x_wconf 91' lang='lat' dir='ltr'><strong>ad</strong></span> <span class='ocrx_word' id='word_1_156' title='bbox 925 3305 1082 3369; x_wconf 91' lang='lat' dir='ltr'><strong>rationem</strong></span> <span class='ocrx_word' id='word_1_157' title='bbox 1103 3304 1248 3371; x_wconf 85' lang='lat' dir='ltr'><strong>absolute</strong></span> <span class='ocrx_word' id='word_1_158' title='bbox 1276 3329 1347 3370; x_wconf 89' lang='lat' dir='ltr'><strong>cau-</strong></span> 
     </span>
     <span class='ocr_line' id='line_1_25' title="bbox 408 3410 1346 3494; baseline 0.005 -22"><span class='ocrx_word' id='word_1_159' title='bbox 408 3431 476 3474; x_wconf 89' lang='lat' dir='ltr'><strong>sam</strong></span> <span class='ocrx_word' id='word_1_160' title='bbox 498 3419 530 3474; x_wconf 87' lang='lat' dir='ltr'><strong>et</strong></span> <span class='ocrx_word' id='word_1_161' title='bbox 551 3418 699 3474; x_wconf 85' lang='lat' dir='ltr'><strong>eventum</strong></span> <span class='ocrx_word' id='word_1_162' title='bbox 717 3410 941 3494; x_wconf 86' lang='lat' dir='ltr'><strong>coniungendi,</strong></span> <span class='ocrx_word' id='word_1_163' title='bbox 962 3412 990 3476; x_wconf 87' lang='lat' dir='ltr'><strong>si</strong></span> <span class='ocrx_word' id='word_1_164' title='bbox 1011 3413 1044 3475; x_wconf 93' lang='lat' dir='ltr'><strong>in</strong></span> <span class='ocrx_word' id='word_1_165' title='bbox 1059 3414 1222 3477; x_wconf 86' lang='lat' dir='ltr'><strong>enuntiato</strong></span> <span class='ocrx_word' id='word_1_166' title='bbox 1238 3435 1346 3477; x_wconf 92' lang='lat' dir='ltr'><strong>secun·</strong></span> 
     </span>
     <span class='ocr_line' id='line_1_26' title="bbox 409 3515 1346 3605; baseline 0.004 -25"><span class='ocrx_word' id='word_1_167' title='bbox 409 3516 496 3581; x_wconf 90' lang='lat' dir='ltr'><strong>dario</strong></span> <span class='ocrx_word' id='word_1_168' title='bbox 518 3516 695 3601; x_wconf 88' lang='lat' dir='ltr'><strong>perfectum</strong></span> <span class='ocrx_word' id='word_1_169' title='bbox 710 3515 873 3600; x_wconf 87' lang='lat' dir='ltr'><strong>habemus,</strong></span> <span class='ocrx_word' id='word_1_170' title='bbox 889 3519 963 3602; x_wconf 88' lang='lat' dir='ltr'><strong>quia</strong></span> <span class='ocrx_word' id='word_1_171' title='bbox 978 3517 1038 3582; x_wconf 91' lang='lat' dir='ltr'><strong>hoc</strong></span> <span class='ocrx_word' id='word_1_172' title='bbox 1051 3540 1116 3582; x_wconf 93' lang='lat' dir='ltr'><strong>non</strong></span> <span class='ocrx_word' id='word_1_173' title='bbox 1131 3518 1346 3605; x_wconf 84' lang='lat' dir='ltr'><strong>distinguitur,</strong></span> 
     </span>
     <span class='ocr_line' id='line_1_27' title="bbox 408 3622 1346 3712; baseline 0.004 -25"><span class='ocrx_word' id='word_1_174' title='bbox 408 3633 515 3688; x_wconf 84' lang='lat' dir='ltr'><strong>utrum</strong></span> <span class='ocrx_word' id='word_1_175' title='bbox 534 3624 617 3688; x_wconf 85' lang='lat' dir='ltr'><strong>actio</strong></span> <span class='ocrx_word' id='word_1_176' title='bbox 640 3622 841 3707; x_wconf 83' lang='lat' dir='ltr'><strong>secundaria,</strong></span> <span class='ocrx_word' id='word_1_177' title='bbox 872 3626 899 3688; x_wconf 90' lang='lat' dir='ltr'><strong>si</strong></span> <span class='ocrx_word' id='word_1_178' title='bbox 927 3633 1051 3710; x_wconf 91' lang='lat' dir='ltr'><strong>tempus</strong></span> <span class='ocrx_word' id='word_1_179' title='bbox 1074 3635 1253 3710; x_wconf 88' lang='lat' dir='ltr'><strong>spectamus</strong></span> <span class='ocrx_word' id='word_1_180' title='bbox 1274 3649 1346 3712; x_wconf 93' lang='lat' dir='ltr'><strong>pro·</strong></span> 
     </span>
     <span class='ocr_line' id='line_1_28' title="bbox 407 3731 1192 3816; baseline 0.005 -22"><span class='ocrx_word' id='word_1_181' title='bbox 407 3733 478 3816; x_wconf 89' lang='lat' dir='ltr'><strong>pius</strong></span> <span class='ocrx_word' id='word_1_182' title='bbox 499 3733 551 3796; x_wconf 86' lang='lat' dir='ltr'><strong>vel</strong></span> <span class='ocrx_word' id='word_1_183' title='bbox 571 3731 697 3816; x_wconf 85' lang='lat' dir='ltr'><strong>longius</strong></span> <span class='ocrx_word' id='word_1_184' title='bbox 718 3731 760 3796; x_wconf 89' lang='lat' dir='ltr'><strong>ab</strong></span> <span class='ocrx_word' id='word_1_185' title='bbox 782 3732 908 3796; x_wconf 88' lang='lat' dir='ltr'><strong>actione</strong></span> <span class='ocrx_word' id='word_1_186' title='bbox 929 3733 1079 3816; x_wconf 89' lang='lat' dir='ltr'><strong>primaria</strong></span> <span class='ocrx_word' id='word_1_187' title='bbox 1099 3733 1192 3798; x_wconf 85' lang='lat' dir='ltr'><strong>absit.</strong></span> 
     </span>
    </p>

    <p class='ocr_par' dir='ltr' id='par_1_18' title="bbox 408 3837 1345 4246">
     <span class='ocr_line' id='line_1_29' title="bbox 408 3837 1345 3925; baseline 0.001 -22"><span class='ocrx_word' id='word_1_188' title='bbox 408 3839 444 3922; x_wconf 89' lang='grc' dir='ltr'><strong>α)</strong></span> <span class='ocrx_word' id='word_1_189' title='bbox 470 3838 550 3924; x_wconf 82' lang='lat' dir='ltr'><strong>perf.</strong></span> <span class='ocrx_word' id='word_1_190' title='bbox 571 3873 613 3885; x_wconf 87' lang='lat'>-</span> <span class='ocrx_word' id='word_1_191' title='bbox 633 3837 713 3922; x_wconf 87' lang='lat' dir='ltr'><strong>perf.</strong></span> <span class='ocrx_word' id='word_1_192' title='bbox 756 3859 829 3902; x_wconf 87' lang='lat' dir='ltr'><strong>ann.</strong></span> <span class='ocrx_word' id='word_1_193' title='bbox 851 3837 886 3902; x_wconf 93' lang='grc' dir='ltr'>Π</span> <span class='ocrx_word' id='word_1_194' title='bbox 912 3839 953 3903; x_wconf 91' lang='grc'><strong>48</strong></span> <span class='ocrx_word' id='word_1_195' title='bbox 983 3841 1075 3904; x_wconf 76' lang='lat' dir='ltr'><strong>aucit</strong></span> <span class='ocrx_word' id='word_1_196' title='bbox 1094 3839 1179 3925; x_wconf 85' lang='lat' dir='ltr'><strong>quod</strong></span> <span class='ocrx_word' id='word_1_197' title='bbox 1199 3840 1345 3925; x_wconf 79' lang='lat' dir='ltr'><strong>tradidit,</strong></span> 
     </span>
     <span class='ocr_line' id='line_1_30' title="bbox 470 3947 1344 4030; baseline 0.001 -20"><span class='ocrx_word' id='word_1_198' title='bbox 470 3947 646 4010; x_wconf 87' lang='lat' dir='ltr'><strong>accuratius</strong></span> <span class='ocrx_word' id='word_1_199' title='bbox 669 3968 819 4030; x_wconf 89' lang='lat' dir='ltr'><strong>expressa</strong></span> <span class='ocrx_word' id='word_1_200' title='bbox 840 3957 925 4012; x_wconf 87' lang='lat' dir='ltr'><strong>esset</strong></span> <span class='ocrx_word' id='word_1_201' title='bbox 945 3956 1060 4014; x_wconf 88' lang='lat' dir='ltr'><strong>natura</strong></span> <span class='ocrx_word' id='word_1_202' title='bbox 1080 3948 1214 4012; x_wconf 85' lang='lat' dir='ltr'><strong>actionis</strong></span> <span class='ocrx_word' id='word_1_203' title='bbox 1235 3970 1344 4013; x_wconf 90' lang='lat' dir='ltr'><strong>secun-</strong></span> 
     </span>
     <span class='ocr_line' id='line_1_31' title="bbox 471 4052 1345 4139; baseline 0.002 -23"><span class='ocrx_word' id='word_1_204' title='bbox 471 4052 579 4118; x_wconf 88' lang='lat' dir='ltr'><strong>dariae</strong></span> <span class='ocrx_word' id='word_1_205' title='bbox 598 4054 744 4137; x_wconf 90' lang='lat' dir='ltr'><strong>ratioque</strong></span> <span class='ocrx_word' id='word_1_206' title='bbox 765 4055 956 4138; x_wconf 82' lang='lat' dir='ltr'><strong>temporalis,</strong></span> <span class='ocrx_word' id='word_1_207' title='bbox 978 4056 1006 4118; x_wconf 84' lang='lat' dir='ltr'><strong>si</strong></span> <span class='ocrx_word' id='word_1_208' title='bbox 1027 4055 1205 4139; x_wconf 85' lang='lat' dir='ltr'><strong>scripsisset</strong></span> <span class='ocrx_word' id='word_1_209' title='bbox 1215 4054 1345 4119; x_wconf 84' lang='lat' dir='ltr'><strong>Tacitus</strong></span> 
     </span>
     <span class='ocr_line' id='line_1_32' title="bbox 471 4159 734 4246; baseline 0 -22"><span class='ocrx_word' id='word_1_210' title='bbox 471 4162 529 4246; x_wconf 77' lang='lat' dir='ltr'><strong>qui</strong></span> <span class='ocrx_word' id='word_1_211' title='bbox 546 4159 734 4226; x_wconf 70' lang='lat' dir='ltr'><strong>tradiderat.</strong></span> 
     </span>
    </p>

    <p class='ocr_par' dir='ltr' id='par_1_19' title="bbox 407 4267 986 4352">
     <span class='ocr_line' id='line_1_33' title="bbox 407 4267 986 4352; baseline 0 -21"><span class='ocrx_word' id='word_1_212' title='bbox 407 4269 442 4350; x_wconf 82' lang='grc' dir='ltr'><strong>β)</strong></span> <span class='ocrx_word' id='word_1_213' title='bbox 474 4269 548 4352; x_wconf 93' lang='lat' dir='ltr'><strong>imp.</strong></span> <span class='ocrx_word' id='word_1_214' title='bbox 569 4304 611 4316; x_wconf 85' lang='lat'>-</span> <span class='ocrx_word' id='word_1_215' title='bbox 631 4267 711 4352; x_wconf 86' lang='lat' dir='ltr'><strong>perf.</strong></span> <span class='ocrx_word' id='word_1_216' title='bbox 755 4289 828 4332; x_wconf 90' lang='lat' dir='ltr'><strong>ann.</strong></span> <span class='ocrx_word' id='word_1_217' title='bbox 850 4267 916 4331; x_wconf 90' lang='lat' dir='ltr'><strong>XV</strong></span> <span class='ocrx_word' id='word_1_218' title='bbox 936 4267 986 4332; x_wconf 88' lang='grc'><strong>32.</strong></span> 
     </span>
    </p>
   </div>
   <div class='ocr_carea' id='block_1_6' title="bbox 0 0 1668 5218">
    <p class='ocr_par' dir='ltr' id='par_1_20' title="bbox 0 0 1668 5218">
     <span class='ocr_line' id='line_1_34' title="bbox 0 0 1668 5218; baseline 0 3"><span class='ocrx_word' id='word_1_219' title='bbox 0 0 1668 5218; x_wconf 95' lang='lat' dir='ltr'><strong> </strong></span> 
     </span>
    </p>
   </div>
  </div>
 </body>
</html>
