3328 5218
668 543 864 640 „ffl-

303 743 581 830 Supervacaneum
609 754 658 810 est
686 744 747 808 hoc
774 745 844 810 loco
873 765 955 830 quae
984 743 1037 807 alii
1069 744 1133 806 iam
1160 741 1309 806 dixerunt

222 853 338 916 iterum
359 853 511 938 proferre,
533 863 641 918 tamon
662 852 695 917 id
716 851 929 935 intellegimus
951 873 991 916 ex
1019 851 1185 914 sententiis
1205 849 1308 933 Hugii

224 969 256 1024 et
274 959 479 1044 Heynacheri
500 962 666 1026 contrariis
687 961 784 1025 talem
804 981 872 1024 rem
893 981 975 1044 quae
996 968 1065 1024 tota
1085 979 1182 1043 penes
1202 958 1307 1022 unius-

224 1069 374 1153 cuiusque
401 1070 575 1160 scriptoris
595 1069 761 1153 ingenium
782 1077 831 1132 est
851 1069 898 1132 ita
918 1065 960 1130 ad
981 1075 1083 1130 certas
1104 1065 1231 1148 regulas
1259 1087 1307 1130 re-

223 1177 330 1240 vocari
350 1197 416 1240 non
436 1197 529 1262 posse
558 1186 594 1242 ut
624 1197 732 1240 omnes
763 1176 824 1240 loci
853 1174 1060 1259 explicentur.
1107 1172 1211 1237 Nemo
1238 1173 1307 1256 orit,

223 1285 276 1368 qui
306 1293 404 1369 neget
431 1286 566 1350 multum
598 1286 632 1350 in
663 1284 723 1349 hac
750 1305 786 1348 re
806 1285 961 1348 interesse
981 1291 1088 1346 utrum
1109 1283 1308 1347 enuntiatum

221 1391 441 1456 secundarium
469 1395 627 1458 actionem
659 1393 842 1478 primariam
874 1400 1025 1476 sequatur
1056 1411 1098 1454 an
1128 1389 1307 1474 antecedat,

221 1499 276 1564 sed
297 1500 358 1565 hoe
379 1523 507 1586 quoque
527 1501 661 1567 multum
683 1500 770 1564 valet
798 1509 905 1564 utrum
925 1497 1058 1563 verbum
1085 1496 1307 1562 secundarium

221 1607 317 1691 longe
335 1630 377 1672 an
398 1630 497 1693 prope
521 1608 607 1673 absit
633 1630 654 1672 a
672 1607 773 1672 verbo
794 1608 954 1693 primario.
1004 1606 1143 1670 Facilius
1171 1605 1308 1690 donique

222 1716 365 1799 sequitur
386 1717 606 1780 coniunctivus
629 1717 804 1800 praesentis
832 1716 866 1779 in
887 1714 1050 1779 enuntiato
1073 1712 1259 1778 secundario
1281 1714 1309 1777 si

221 1822 318 1886 totius
340 1824 452 1909 capitis
473 1824 613 1888 narratio
635 1822 729 1887 valde
751 1822 911 1886 concitata
925 1831 974 1886 est
988 1830 1021 1886 et
1033 1822 1156 1905 alacris,
1175 1821 1216 1887 cf.
1228 1820 1259 1886 b.
1274 1842 1306 1904 g.
1439 1882 1445 1890 .

221 1927 288 1993 VH
310 1931 357 2012 70,
381 1933 431 1994 cui
452 1933 549 2017 capiti
571 1930 788 2017 septendecim
808 1932 918 1996 insunt
939 1931 1120 2016 praesentia
1140 1929 1306 2012 historica3
1340 2003 1347 2021 ι

220 2035 283 2100 lruc
312 2038 514 2104 referendum
545 2049 594 2104 est
625 2041 721 2106 etiarn
750 2040 778 2103 si
805 2040 839 2102 in
869 2039 1033 2103 enuntiato
1066 2038 1215 2121 primario
1244 2035 1307 2101 duc

223 2147 403 2229 praesentia
438 2156 531 2231 sunt,
563 2157 619 2212 aut
651 2149 849 2214 enuntiatum
880 2147 1102 2212 secundarium
1130 2148 1213 2212 inter
1244 2144 1306 2209 duo

224 2255 406 2335 praesentia
423 2254 575 2319 historica
596 2266 645 2320 est
664 2257 888 2340 interpositum
910 2265 942 2320 et
962 2255 1086 2320 similia.
1128 2254 1203 2318 Duo
1216 2273 1306 2338 prae-

226 2361 329 2424 sentia
356 2360 429 2426 hist.
451 2360 604 2428 habemus
632 2365 666 2428 in
693 2373 801 2428 enunt.
822 2365 913 2449 prim.
935 2362 966 2426 b.
990 2384 1021 2446 g.
1042 2361 1060 2426 I
1081 2363 1110 2427 8.
1132 2363 1161 2426 9.
1186 2362 1234 2426 19.
1256 2361 1306 2426 20.

221 2467 323 2534 Vae.
354 2470 395 2534 22
428 2470 486 2535 bis.
517 2472 566 2536 31.
596 2473 646 2538 38.
688 2471 787 2538 VI9.
813 2473 860 2536 10.
882 2473 931 2536 37.
953 2471 1003 2537 39.
1025 2471 1075 2536 40.
1119 2469 1185 2536 VH
1205 2470 1234 2532 4.
1256 2470 1306 2535 37.

222 2576 272 2640 38.
294 2577 343 2642 39.
365 2577 415 2642 40.
435 2579 486 2644 42.
528 2579 559 2644 b.
582 2603 608 2644 c.
638 2579 725 2645 117.
750 2581 797 2645 19.
819 2580 869 2645 21.
891 2579 942 2645 22.
963 2579 1014 2644 26.
1036 2578 1085 2644 32.
1129 2576 1305 2642 Π12.15.

221 2682 271 2748 20.
293 2683 342 2748 32.
364 2685 414 2750 40.
435 2685 485 2751 43.
527 2685 580 2751 ΠΙ
601 2687 650 2752 82.

302 2791 504 2878 Quamquam
523 2794 603 2858 haec
631 2796 739 2860 omnia
767 2797 844 2860 satis
872 2796 936 2860 iam
957 2795 1065 2859 valent
1086 2793 1128 2858 ad
1148 2793 1306 2878 explican-

221 2899 296 2965 dum
315 2922 409 2966 usum
435 2904 612 2986 praesentis
641 2901 793 2986 historici,
821 2913 929 2968 tamen
958 2902 1196 2967 observationes
1228 2921 1305 2964 non-

218 3007 321 3072 nullas
356 3010 535 3092 prolaturus
571 3032 657 3094 sum,
704 3010 819 3096 quibus
855 3033 937 3096 quae
971 3012 1024 3076 alii
1063 3011 1126 3074 iam
1156 3008 1306 3074 dixerunt

220 3115 356 3181 fortasse
377 3118 516 3204 suppleri
537 3129 678 3203 possunt.

300 3223 341 3288 In
369 3227 541 3292 enuntiatis
561 3227 709 3293 finalibus
742 3237 774 3293 et
802 3227 841 3292 iis
870 3228 1106 3293 enuntiatorum
1134 3223 1305 3310 generibus

220 3353 302 3416 quae
322 3332 372 3396 his
394 3343 469 3398 sunt
490 3338 680 3418 cognatione
701 3335 840 3421 quadam
862 3337 1039 3418 coniuncta,
1061 3343 1188 3419 praeter
1207 3354 1304 3397 enun-

220 3440 290 3505 tiati
312 3440 491 3506 secundarii
511 3442 750 3508 collocationem
772 3453 804 3508 ot
831 3443 968 3508 fortasse
995 3442 1036 3508 ad
1066 3441 1305 3511 collocationem

219 3548 356 3612 valuisse
376 3547 502 3614 videtur
523 3551 619 3614 ctiam
648 3552 736 3615 notio
758 3550 1012 3636 significatioque
1032 3549 1123 3615 verbi
1143 3550 1303 3634 regentis3

219 3654 372 3720 habemus
393 3657 477 3722 enim
506 3667 598 3743 post
629 3657 755 3722 verba
785 3657 1031 3744 imperandi,
1061 3659 1136 3743 quia
1164 3656 1303 3722 subitum

218 3764 390 3829 voluntatis
420 3765 590 3851 impetum,
623 3767 651 3830 si
684 3767 717 3830 in
747 3767 908 3851 praesenti
936 3766 1087 3831 historico
1114 3775 1202 3849 sunt,
1230 3786 1303 3830 con-

187 3929 190 3934 .
220 3871 349 3936 citatam
375 3873 548 3938 voluntatis
579 3872 825 3938 declarationem
854 3875 1045 3958 exprimunt,
1077 3872 1200 3938 duobus
1225 3873 1303 3939 locis

219 3980 359 4062 exceptis
388 3982 624 4046 coniunctivum
653 3981 829 4064 praesentis
858 3980 889 4045 b.
912 4003 943 4065 g.
965 3981 1018 4045 HI
1040 3983 1087 4066 11,
1110 3983 1139 4047 2.
1181 3980 1232 4046 IV
1252 3983 1302 4067 21,

217 4085 1302 4175 aavmomtnmsmimmpmna

218 4191 1302 4282 aamaamisaannmcmsmc

218 4299 747 4389 m1.scim1.mr
799 4304 899 4388 ms
947 4304 1097 4391 mac
1145 4305 1301 4390 uma
