3328 5218
848 611 890 676 40

328 815 366 879 F.
396 815 434 879 in
456 814 675 878 enuntiato
695 812 949 878 secundario
966 811 1163 876 omissum
1182 809 1424 877 estverbum

345 915 347 920 ’
399 921 728 986 substantivum:
763 919 834 1005 Ing.
864 921 914 1002 91,
943 921 963 984 3
992 919 1074 1004 doio,
1110 932 1279 1006 postquam
1311 918 1422 1004 cisum,

401 1028 568 1118 cqrcdc'tur.
613 1029 682 1112 109,
704 1030 725 1093 2
746 1029 786 1092 cf.
810 1029 931 1093 etiam:
953 1027 1024 1113 Iug.
1045 1028 1096 1112 27,
1120 1028 1147 1092 1.
1176 1027 1226 1111 79,
1247 1028 1276 1092 ’1.

331 1181 373 1248 G.
400 1184 664 1246 enuntiatum
706 1179 997 1244 secundarium
1044 1178 1198 1264 pendet
1249 1200 1327 1242 non
1377 1200 1424 1242 ex

398 1288 527 1353 verbo
549 1289 721 1373 regenti
743 1289 957 1352 enuntiati
985 1288 1186 1372 primarii.
1239 1286 1309 1370 Ing.
1333 1286 1421 1370 85,1

402 1397 466 1461 scio
495 1395 660 1482 pictosque
688 1409 792 1481 petere
821 1409 849 1460 ct
872 1408 1041 1482 postquam
1071 1395 1183 1480 adepti
1210 1407 1282 1458 sumt
1310 1417 1423 1482 qarorc.

400 1505 449 1589 88,
474 1508 489 1568 l
512 1506 679 1592 excipitur,
706 1505 797 1590 plebi
818 1505 1034 1590 patribusque,
1053 1517 1220 1590 postquam
1243 1501 1424 1582 decesserat,

399 1613 493 1677 iurata
524 1636 627 1678 cacus.
678 1611 728 1694 85,
753 1611 791 1676 12
829 1611 903 1688 scic,
938 1613 1002 1696 qui,
1029 1625 1199 1698 postquam
1228 1611 1314 1691 facti
1342 1622 1424 1689 suut,

401 1721 565 1806 coeperint.
609 1720 678 1800 108,
704 1721 719 1782 1
742 1719 862 1805 aqebat,
888 1721 1083 1805 praemissus
1105 1745 1124 1783 a
1145 1718 1310 1806 qumtha,
1336 1729 1423 1804 post-

399 1851 492 1912 quam
522 1826 698 1892 audicerot.
752 1849 801 1912 ep.
830 1825 931 1891 Mithr
954 1827 991 1891 17
1018 1853 1065 1908 aa
1096 1829 1226 1916 iqmouas
1254 1827 1423 1906 Romanos,

396 1949 566 2022 postquam
586 1935 674 2020 fecit,
698 1937 893 2000 conuertisse.

330 2086 372 2153 H.
402 2087 491 2151 Duo
513 2087 593 2151 loci
615 2087 801 2173 corrupti
822 2097 941 2152 sunt:
963 2086 1034 2171 Ing.
1057 2087 1106 2165 92,
1131 2087 1158 2150 l.
1191 2087 1241 2170 93,
1262 2086 1292 2150 3.

413 2203 475 2268 His
496 2202 577 2267 haec
597 2200 745 2268 addenda
766 2213 840 2269 sunt
862 2228 869 2268 :

413 2310 445 2395 1)
472 2309 625 2398 habemus
660 2313 693 2376 in
732 2312 904 2376 enuntiatis
937 2308 1133 2375 secundariis
1173 2310 1330 2376 Catilinae
1366 2333 1423 2375 un·

471 2418 626 2503 deviginti
668 2418 828 2504 perfecta,
879 2417 935 2484 sed
978 2428 1129 2503 quattuor
1168 2428 1293 2506 tantum
1334 2441 1423 2504 prae·

468 2527 572 2590 sentia
603 2526 770 2612 historica,
803 2548 886 2612 quae
923 2529 1030 2590 omnia
1058 2526 1148 2592 verbi
1180 2536 1254 2591 sunt
1283 2525 1422 2591 videndi.

470 2633 483 2716 (
489 2647 656 2720 postquam
677 2632 787 2717 videt),
821 2643 933 2698 contra
961 2635 995 2699 in
1025 2635 1197 2699 enuntiatis
1229 2632 1423 2699 secundariis

470 2741 544 2805 belli
565 2741 749 2826 Iugurthini
778 2743 983 2806 inveniuntur
1011 2743 1145 2826 triginta
1176 2742 1238 2806 duo
1270 2741 1423 2828 perfecta,

470 2848 651 2933 quindecim
679 2850 862 2934 praesentia
890 2848 1043 2918 historica
1070 2872 1205 2935 quorum
1235 2851 1424 2936 praesertim

469 2956 622 3021 nonnulla
650 2957 784 3021 aliorum
814 2959 911 3022 etiam
932 2957 1104 3023 verborum
1135 2968 1210 3022 sunt
1241 2959 1423 3044 (postquam

470 3063 575 3128 uidet:
604 3063 675 3148 Ing.
700 3065 747 3130 15.
769 3066 819 3131 20.
841 3066 882 3131 53
904 3065 1019 3130 uideat.
1049 3067 1098 3131 61.
1131 3067 1181 3130 76.
1210 3065 1326 3132 uident.
1358 3066 1422 3151 86).

470 3171 574 3238 Simili
595 3173 719 3238 ratione
740 3172 895 3239 habemus
914 3176 948 3239 in
966 3176 1138 3239 enuntiatis
1159 3175 1317 3259 primariis
1337 3173 1423 3240 Cati·

468 3279 553 3344 linae
574 3278 742 3345 duodecim
771 3282 931 3366 perfecta,
964 3304 1021 3346 sex
1050 3284 1231 3367 praesentia
1262 3281 1422 3368 historica,

470 3397 581 3452 contra
611 3389 645 3451 in
677 3391 850 3454 enuntiatis
880 3390 1039 3474 primariis
1070 3389 1146 3454 belli
1166 3390 1349 3475 Iugurthini
1375 3414 1422 3456 se·

472 3494 576 3560 decIm
596 3495 750 3581 perfecta,
772 3497 889 3580 viginti
901 3519 977 3562 vero
996 3508 1118 3583 septem
1129 3501 1310 3584 praesentia
1324 3499 1422 3564 histo-

470 3604 544 3667 rica.
587 3602 742 3668 Videmus
764 3605 863 3688 igitur
892 3606 926 3669 in
954 3605 1015 3670 hoc
1047 3608 1284 3672 enuntiatorum
1305 3630 1423 3692 genere

471 3709 544 3775 belli
574 3709 757 3795 Iugurthini
795 3713 1005 3778 elocutionem
1036 3715 1222 3780 alacriorem
1252 3739 1322 3781 esse
1360 3717 1422 3782 elc-

470 3818 597 3882 cutione
630 3816 795 3884 Catilinae.
848 3804 922 3884 Hoc
951 3842 1076 3907 quoque
1107 3823 1344 3888 concedendum
1374 3835 1423 3890 est

469 3926 503 3988 in
539 3924 621 3990 bello
661 3925 852 4010 Iugurthino
891 3938 1071 4013 temporum
1102 3931 1259 3995 rationem
1293 3934 1421 3998 maioris

470 4054 541 4097 esse
561 4033 725 4099 varietatis
748 4057 843 4120 quam
864 4037 897 4100 in
920 4035 1067 4102 Catilina

410 4141 445 4222 2)
475 4139 531 4203 scd
540 4155 711 4228 postquam
725 4142 860 4227 legimns
882 4142 952 4209 Oct.
975 4145 1022 4208 11.
1039 4145 1088 4209 39.
1106 4145 1156 4211 51.
1175 4146 1224 4212 53.
1242 4147 1292 4211 56.
1306 4148 1346 4212 57
1361 4147 1421 4212 bis.

470 4248 525 4332 (35
546 4252 638 4334 pgg.)
680 4248 752 4334 Ing.
774 4251 803 4314 8.
834 4251 882 4316 18.
911 4252 962 4316 21.
994 4253 1044 4316 35.
1072 4253 1222 4340 38114.
1253 4255 1308 4337 (70
1327 4256 1420 4340 pgg.)

470 4380 545 4420 uam
574 4369 741 4443 postquam
771 4356 842 4424 Oat.
871 4359 920 4424 38.
966 4357 1038 4445 Ing.
1059 4359 1110 4424 42.
1132 4361 1182 4426 44.
1204 4363 1254 4427 84.
1296 4363 1421 4429 aptarim
