3328 5218
895 615 937 680 50

380 828 464 904 sunt,
507 828 542 886 ut
573 818 656 883 actio
693 815 880 881 secundaria
916 814 1001 879 omni
1036 814 1170 898 tempori
1208 813 1250 877 sit
1277 815 1461 899 communis,

380 928 509 992 tortium
529 948 604 991 vero
627 924 708 1008 (Cic.
730 923 771 988 ad
790 923 890 988 Attio.
912 920 960 985 IV
984 921 1031 1005 18,
1055 921 1087 1004 1)
1118 921 1156 984 iis
1185 941 1266 1005 quae
1286 920 1463 986 Hoffmann

379 1034 457 1100 dicit
492 1055 556 1098 non
586 1033 770 1118 explioatm.
820 1031 918 1094 Putat
949 1030 1032 1094 enim
1065 1051 1133 1092 cum
1163 1026 1248 1091 idem
1283 1028 1463 1112 significare

380 1141 465 1228 quod
497 1142 655 1227 quotieas,
694 1139 750 1204 sed
781 1138 948 1204 difficultas
981 1136 1092 1201 eadem
1132 1146 1240 1201 manet
1271 1138 1298 1202 si
1329 1137 1462 1202 dicimus
1528 1202 1529 1205 ,

379 1250 520 1335 quotiens
540 1247 639 1327 uideo,
671 1245 754 1329 dedi,
777 1269 824 1310 -ac
852 1247 879 1310 si
908 1244 1050 1309 dicatur:
1079 1267 1148 1308 cum
1175 1243 1274 1327 uideo,
1303 1243 1381 1310 dedi
1399 1245 1461 1310 for-

382 1365 467 1420 tasse
480 1377 531 1420 res
546 1356 592 1419 ita
613 1355 763 1439 explicari
776 1362 891 1439 potest,
912 1363 948 1418 ut
961 1351 1118 1417 referatur
1131 1350 1173 1415 ad
1186 1351 1371 1417 alacriorem
1385 1351 1466 1417 libe

378 1464 556 1548 rioremque
577 1464 609 1526 in
632 1460 773 1547 epistolis
795 1461 1012 1526 elocutionem.
1051 1458 1103 1523 Ad
1125 1458 1203 1523 duos
1218 1457 1353 1543 Vergilii
1374 1460 1460 1524 locos

378 1569 439 1636 hoc
459 1569 640 1635 addendum
661 1578 794 1633 estnon
815 1577 881 1632 tam
902 1569 936 1631 in
957 1567 1120 1632 enuntiato
1149 1566 1335 1630 secundario
1362 1566 1460 1630 rario-

378 1699 446 1742 rem
478 1676 635 1763 quendam
662 1677 750 1740 cerni
779 1697 886 1758 usum,
918 1695 1014 1760 quam
1045 1675 1079 1737 in
1109 1675 1273 1738 enuntiato
1302 1675 1461 1759 primario,

378 1786 412 1872 in
441 1805 503 1870 qno
532 1784 708 1869 perfectum
736 1783 855 1847 rariore
876 1781 1003 1867 quidem
1022 1780 1078 1845 sed
1100 1780 1184 1866 apud
1205 1791 1315 1866 poetas
1343 1782 1462 1844 usitata

379 1893 503 1958 ratione
522 1901 709 1976 usurpatum
731 1900 779 1956 est
798 1911 856 1975 pro
877 1890 1047 1974 praesenti.

462 1998 585 2064 Tamen
617 1997 854 2090 concedendum
883 2006 932 2062 est
965 1995 1034 2061 fieri
1062 2017 1127 2060 non
1155 2016 1248 2081 posse
1275 1996 1352 2081 quin
1378 1994 1462 2060 hunc

380 2129 481 2189 usum,
502 2108 589 2170 cuius
612 2116 678 2170 tam
698 2127 801 2191 pauca
831 2103 983 2168 habemus
1013 2104 1158 2189 exempla
1188 2123 1288 2188 eaque
1316 2104 1399 2166 inter
1426 2124 1462 2166 se

379 2214 513 2296 diversa,
535 2222 682 2278 accurate
703 2232 931 2296 cognoscamus
953 2211 1237 2296 intellegamusque
1261 2209 1363 2295 qualis
1394 2210 1460 2274 eins

378 2322 420 2386 sit
440 2330 562 2386 natura.

429 2509 431 2516 γ
462 2450 488 2493 e.
519 2448 648 2512 praes.
668 2425 761 2491 hist.
781 2463 824 2473 —
844 2423 946 2511 perf.
974 2425 1069 2489 hist.
1092 2423 1136 2510 (p.
1159 2424 1223 2509 72.)
1265 2422 1357 2490 Haec
1383 2434 1460 2489 tem-

378 2556 490 2623 porum
512 2535 593 2598 ratio
615 2533 694 2599 nihil
714 2532 811 2598 habet
825 2533 953 2619 proprii,
976 2554 1073 2596 unum
1085 2555 1160 2598 vero
1177 2535 1355 2620 exemplum
1369 2531 1460 2596 Hoff-

354 2650 475 2708 'mann
495 2663 559 2706 non
580 2650 727 2705 accurate
756 2640 950 2705 intellexisse
971 2639 1111 2724 videtur,
1139 2662 1211 2703 cum
1239 2641 1339 2706 dicat:
1368 2654 1462 2704 etwas

379 2749 506 2814 saltuum
527 2750 636 2812 uimmt
657 2747 722 2812 siclt
745 2747 804 2811 das
820 2771 926 2834 praes.
950 2748 983 2811 iu
1006 2754 1061 2811 der
1084 2747 1176 2811 Stella
1197 2749 1266 2813 bell.
1287 2750 1367 2837 du'sp.
1389 2749 1461 2829 &6

379 2881 436 2920 cus
468 2879 559 2937 „uam
582 2877 650 2920 oum
671 2856 752 2919 iuter
773 2860 926 2941 Atepuam
956 2867 983 2919 et
1013 2854 1140 2919 Ucubim
1162 2855 1328 2944 Pompeius
1355 2857 1462 2922 habuit

377 2977 483 3027 castra
504 2964 671 3027 constituta
691 2963 726 3026 iu
747 2975 910 3048 conspectu
931 2961 1064 3026 duorum
1096 2963 1300 3048 oppidorum,
1333 2966 1372 3028 ab
1393 2965 1460 3028 suus

379 3072 493 3135 castris
514 3071 637 3134 circiter
657 3068 747 3132 utilia
764 3092 917 3155 passuum
938 3083 1085 3155 quattuor
1097 3093 1227 3157 prumua
1247 3085 1292 3134 cot
1312 3072 1462 3136 occultem

380 3189 507 3256 natura,
530 3178 587 3261 qui
605 3177 788 3262 appellatur
808 3190 914 3241 caetra
934 3177 1159 3242 Postumiaua“
1182 3179 1216 3242 in
1237 3178 1297 3243 hoc
1317 3180 1460 3265 exemplo

375 3281 531 3348 habemus
553 3283 787 3348 anacoluthiam
808 3283 983 3369 quandam,
1013 3306 1162 3370 praesens
1190 3285 1266 3350 illud
1287 3307 1352 3349 non
1372 3309 1461 3371 prae-

380 3412 453 3455 sens
475 3389 659 3455 historicum
680 3401 738 3475 est,
760 3390 817 3456 sed
837 3412 988 3476 praesens
1009 3414 1159 3477 praesens
1181 3414 1201 3456 a
1221 3401 1290 3457 tota
1303 3383 1462 3458 structura

376 3499 556 3563 absolutum
578 3507 610 3562 et
631 3499 718 3563 velut
738 3499 771 3562 in
792 3498 975 3583 parenthesi
997 3499 1149 3582 additum,
1171 3501 1333 3564 enuntiato
1355 3510 1461 3566 autem

377 3605 575 3690 aparticula
602 3628 670 3669 cum
705 3606 869 3690 incipienti
902 3628 938 3671 re
965 3628 1043 3670 vera
1070 3606 1242 3692 respondet
1268 3607 1345 3672 illud
1377 3607 1462 3693 quod

378 3714 539 3798 sequitur:
569 3712 619 3776 idi
638 3713 756 3776 Caesar
777 3713 884 3777 lubuit
906 3714 1066 3777 castellum
1088 3717 1285 3780 coustitutum
1315 3725 1347 3779 et
1371 3715 1459 3780 locus

377 3821 423 3884 ita
436 3829 485 3884 est
498 3819 731 3903 intellegendus
746 3829 897 3904 tanquam
915 3821 1067 3906 scriptum
1083 3831 1186 3886 esset:
1208 3845 1276 3886 cum
1292 3823 1401 3887 habuit
1412 3869 1419 3885 .
1432 3871 1459 3887 ..

375 3926 536 4012 praesidii
555 3919 653 3992 causa
673 3927 782 3991 habuit
799 3927 963 3992 castellum
990 3929 1023 3993 iu
1050 3952 1171 4018 prumo,
1204 3930 1261 4014 qui
1278 3930 1460 4016 appellatur

316 4049 319 4056 ’
378 4047 483 4098 casua
505 4033 719 4098 Postumiana.

459 4139 523 4206 Sed
544 4139 623 4205 haec
643 4141 802 4205 sufficiunt
823 4142 865 4206 ad
885 4142 1141 4227 cognoscendum
1164 4164 1227 4229 qua
1245 4146 1369 4209 ratione
1383 4145 1459 4210 talia
1487 4109 1489 4114 Ι

378 4247 558 4312 discrimina
578 4258 755 4332 temporum
776 4250 840 4313 sint
861 4250 1056 4338 explicanda.
1099 4252 1149 4316 Ac
1176 4250 1216 4316 de
1243 4253 1366 4317 ratione
1396 4275 1460 4338 qua

377 4353 552 4420 Hoffmann
572 4357 637 4418 vim
657 4356 824 4420 relativam
845 4356 1016 4422 indicativo
1036 4358 1213 4442 imperfecti
1228 4369 1260 4423 et
1279 4359 1458 4445 plusquam·
