3328 5218
665 1056 871 1140 Particula
897 1057 1038 1141 altera.

802 1233 900 1240 —.-.

387 1329 459 1394 Hac
480 1339 572 1415 parte
593 1329 829 1393 dissertationis
852 1329 913 1393 duo
935 1329 1014 1394 mihi
1035 1332 1200 1416 proposita
1221 1342 1304 1396 sunt.
1348 1333 1398 1396 Ac

307 1439 443 1523 primum
474 1437 601 1523 quidem
628 1457 741 1519 meam,
774 1437 1004 1521 qualiscunque
1035 1449 1101 1521 est,
1135 1441 1328 1503 sententiam
1359 1439 1398 1504 de

308 1546 530 1609 consecutione
552 1554 732 1630 temporum
746 1566 905 1629 exponam
919 1545 1093 1609 secundum
1113 1567 1209 1630 quam
1231 1548 1329 1611 totius
1351 1550 1397 1612 rei

308 1651 402 1716 cardo
435 1653 468 1715 in
500 1673 536 1715 eo
572 1662 751 1736 temporum
786 1675 844 1716 usu
884 1654 1035 1736 vertitur,
1073 1675 1167 1738 quem
1205 1656 1397 1720 recentiores

307 1760 506 1843 grammatici
534 1759 723 1824 Relatioito't
745 1759 800 1823 der
827 1761 980 1846 Tempora
1003 1761 1252 1845 appellaverunt,
1283 1762 1398 1830 deinde

307 1867 497 1953 peculiarem
513 1866 618 1930 Taciti
639 1866 836 1952 aliorumque
855 1868 1045 1952 scriptorum
1063 1866 1286 1932 historicorum
1305 1892 1397 1934 usum

306 1974 450 2038 tractabo
480 1995 648 2059 meamque
677 1974 921 2059 explicationem
954 1973 994 2038 ad
1029 1976 1174 2059 exemplu
1203 1998 1243 2040 ex
1272 1977 1398 2041 illorum

308 2082 457 2165 operibus
480 2082 614 2146 collecta
633 2080 802 2166 adhibebo,
833 2104 895 2167 quo
918 2083 950 2145 in
972 2104 1090 2166 genere
1120 2106 1185 2147 non
1217 2107 1330 2148 vereor
1356 2107 1397 2148 ne
1428 2163 1430 2167 ,

307 2191 376 2275 quis
403 2211 456 2254 me
483 2188 732 2273 reprehensurus
762 2191 812 2273 sit,
846 2190 873 2253 si
900 2191 1084 2255 notissimos
1116 2193 1397 2275 grammaticorum

305 2298 405 2363 libros
446 2297 560 2383 afferre
594 2298 805 2361 necessarium
840 2319 905 2361 non
942 2297 1063 2362 duxero
1084 2300 1217 2384 .quippe
1245 2300 1299 2384 qui
1329 2301 1397 2363 uni-

307 2407 420 2490 cuique
441 2426 565 2490 semper
586 2413 713 2488 praesto
736 2406 808 2468 sint.

388 2513 578 2598 Priusquam
606 2523 712 2577 autem
742 2512 782 2576 ad
812 2513 938 2597 singula
969 2515 1153 2598 perveniam
1174 2514 1327 2578 nonnulla
1348 2512 1393 2577 di·
1457 2518 1463 2528 “

306 2619 407 2684 cende
428 2631 502 2685 sunt
524 2619 564 2684 de
586 2620 708 2684 duabus
731 2621 1061 2705 commentationibus,
1083 2644 1162 2707 quas
1184 2621 1342 2686 Lieven
1364 2630 1396 2685 et

305 2723 467 2794 Wetzel
501 2729 695 2812 scripserunt
730 2728 770 2792 de
803 2730 1027 2793 consecutione
1059 2739 1238 2814 temporum
1270 2729 1395 2794 Cicero-

305 2836 454 2918 niana*).

387 2943 508 3008 Lieien
542 2943 619 3008 dicit
648 2965 678 3028 p.
712 2947 743 3007 l:
788 2943 883 3008 Unter
918 2945 1097 3008 consecutio
1138 2954 1315 3030 temporum
1352 2945 1396 3008 im

305 3051 447 3114 weitereo
469 3050 566 3114 Since
587 3051 716 3114 cerotebt
736 3075 811 3113 man
834 3050 885 3114 die
910 3052 1146 3138 Beeinflussunp
1178 3053 1232 3115 des
1262 3053 1395 3137 Tempus

305 3160 348 3220 im
384 3157 670 3244 eonjunlctioiscdea
709 3159 897 3222 Nebensatze
934 3157 1032 3222 durch
1073 3158 1133 3222 dos
1172 3161 1302 3224 Verbum
1342 3159 1396 3224 des

306 3266 524 3350 Houprrotzes.
562 3287 626 3328 non
641 3264 722 3328 dixit
740 3264 816 3350 quid
829 3266 870 3328 sit
884 3264 961 3330 illud
976 3262 1147 3351 quod-ipse
1158 3269 1395 3352 Beeicflasroap

304 3373 453 3458 appellat,
482 3394 547 3435 non
578 3393 716 3457 quanam
743 3374 776 3436 in
796 3395 831 3437 re
853 3376 1035 3442 consecutio
1066 3384 1243 3458 temporum
1267 3396 1395 3440 causam

305 3502 394 3545 suam
416 3479 533 3545 habeat
554 3479 694 3566 quidque
715 3481 756 3545 sit
778 3483 959 3563 consecutio
977 3491 1154 3567 temporum
1173 3504 1268 3548 sensu
1283 3483 1395 3546 latiore

304 3588 499 3674 accipienda.

388 3696 509 3760 Contra
537 3695 664 3760 Wetzel
692 3696 764 3780 p.b'
794 3694 873 3760 haec
902 3695 996 3759 dicit:
1036 3721 1133 3781 quare
1161 3698 1216 3761 boc
1244 3697 1382 3782 exempl‘

303 3804 382 3867 catis
403 3804 509 3866 multis
532 3802 743 3866 demonstrare
764 3803 892 3866 institui
911 3804 1104 3890 sinpolorum
1127 3817 1297 3889 temporum
1330 3805 1393 3868 vim

305 3926 396 3997 atque
417 3911 676 3998 eipoifiootr'onem
698 3910 827 3974 eoadem
849 3934 920 3990 esse,
950 3926 1013 3974 tom
1042 3913 1075 3974 in
1099 3911 1272 3976 indicativo
1300 3935 1392 3996 qaum

306 4101 502 4108 ——-—..

382 4226 409 4290 *t
428 4228 569 4279 Lievcn:
596 4227 645 4278 Die
672 4235 806 4280 consecet
835 4233 914 4293 temp.
944 4226 989 4278 des
1016 4227 1115 4278 Cicero.
1161 4227 1228 4293 Rigs
1259 4232 1329 4279 1872.
1360 4255 1393 4264 -

304 4314 449 4366 Wetzel:
477 4313 509 4364 de
533 4314 719 4365 consecutione
744 4320 891 4380 temporum
916 4312 1088 4364 Ciceroniana
1116 4327 1171 4379 cap.
1192 4312 1251 4363 duo.
1288 4313 1393 4379 Lipsiae

229 4427 233 4434 ·
306 4401 379 4450 1877.
