3328 5218
802 624 841 687 13

272 843 330 887 nes
358 822 403 886 ita
429 843 523 906 saepe
552 832 736 905 occurrunt,
770 832 806 887 ut
835 822 1097 887 consuetudinem
1130 844 1286 906 agnoscas
1322 823 1362 888 cf.

272 953 354 1012 mcc,
376 930 458 994 iuter
478 952 566 1014 quae,
589 929 669 1013 dioc,
691 929 766 994 iude
788 932 927 1014 (saepius
949 953 1021 994 cum
1042 930 1133 1016 elipsi
1154 931 1245 995 verbi
1265 930 1362 1014 finiti)

264 1037 362 1124 fuere
382 1037 446 1122 qui,
468 1050 558 1100 eram
579 1037 642 1121 qui,
665 1037 788 1101 similia.

354 1143 419 1210 Sed
441 1153 585 1208 revertur
605 1166 690 1208 nunc
711 1143 752 1208 ad
774 1146 950 1228 parataxin.

354 1252 448 1316 Ratio
482 1253 686 1316 consecutiva
713 1254 901 1336 exprimitur
920 1245 1088 1317 'interdum
1109 1275 1174 1318 non
1196 1256 1360 1319 enuntiato

272 1359 459 1425 secundario
482 1361 695 1441 consecutivo,
719 1360 775 1425 sed
798 1360 921 1424 duobus
943 1362 1116 1425 enuntiatis
1138 1363 1296 1446 primariis
1318 1364 1363 1427 ita

273 1469 433 1533 collocatis
468 1478 503 1532 ut
534 1469 732 1533 enuntiatum
769 1467 854 1552 quod
890 1468 1111 1532 secundarium
1148 1491 1216 1533 esse
1252 1469 1363 1534 debuit

272 1576 374 1660 primo
394 1576 465 1640 loco
487 1578 625 1661 positum
647 1577 697 1658 sit,
720 1577 855 1640 alterum
869 1598 946 1640 vero
962 1577 1101 1641 secundo
1123 1577 1192 1640 loco
1211 1588 1363 1662 sequatur

273 1686 364 1769 quasi
386 1683 543 1769 quaedam
565 1684 762 1766 exclamati0‚
786 1684 826 1747 cf.
849 1682 922 1748 hist.
944 1683 1012 1767 1‚9
1044 1708 1081 1748 oe
1107 1684 1208 1770 quieto
1237 1684 1360 1770 quidem

270 1792 369 1856 utilite
404 1793 559 1879 reqimeu5
595 1791 673 1855 adeo
706 1791 963 1855 accendebantur.
1021 1791 1138 1855 ibidem
1166 1793 1215 1856 37.
1246 1790 1283 1855 Il
1310 1792 1359 1856 91.

271 1899 320 1964 IV
341 1901 390 1964 39.
413 1900 462 1963 80.
505 1922 578 1964 ann.
601 1899 618 1963 I
638 1901 688 1964 50.

352 2007 473 2091 Magno
495 2007 632 2093 denique
653 2029 784 2071 numero
807 2008 1043 2071 enuntiatorum
1064 2029 1147 2093 quae
1168 2030 1188 2072 a
1205 2008 1362 2093 particula

271 2127 305 2177 ut
325 2115 482 2200 incipiunt
503 2126 535 2180 et
556 2116 732 2179 narrationi
753 2116 874 2180 inserta
895 2125 979 2198 sunt,
1010 2138 1058 2180 ex.
1082 2137 1129 2199 gr.
1159 2129 1192 2179 ut
1221 2129 1263 2180 est
1295 2141 1361 2180 moa

272 2221 368 2307 uulyi,
405 2237 438 2285 ut
470 2237 575 2286 notum
611 2229 684 2306 est,⁴
709 2222 945 2288 demonstratur
979 2221 1127 2287 Tacitum
1162 2224 1255 2288 facile
1291 2247 1360 2288 sen·

271 2331 387 2394 tentiae
417 2339 449 2394 et
480 2330 690 2414 cogitationes
711 2351 777 2394 non
799 2339 864 2394 tam
886 2331 1011 2394 ratione
1039 2330 1244 2416 hypotactica
1265 2353 1361 2416 quam

270 2439 393 2501 ratione
414 2439 609 2522 paratactica
628 2439 831 2522 coniungere.
867 2437 1025 2524 Exempla
1046 2441 1152 2503 omnia
1175 2461 1360 2503 enumerare

201 2526 204 2532 Ι
270 2546 482 2609 necessarium
511 2568 577 2608 non
605 2554 662 2629 est,
694 2545 809 2609 sufficit
831 2547 1037 2630 cognovisse,
1067 2545 1142 2632 quid
1164 2547 1241 2612 talia
1262 2570 1359 2611 enun-

270 2654 350 2717 tiata
371 2653 499 2718 valeant
519 2656 553 2718 in
574 2655 811 2719 enuntiatorum
841 2653 1132 2739 componendorum
1161 2653 1246 2738 apud
1267 2641 1359 2742 'Paci

270 2771 338 2824 turn
359 2764 491 2826 ratione.

351 2870 465 2934 Restat
499 2893 584 2934 nunc
613 2879 649 2934 ut
681 2871 825 2936 adferam
857 2871 943 2935 locos
979 2872 1147 2937 nonnullos
1179 2873 1213 2966 in
1245 2871 1360 2957 quibus

269 2978 350 3040 ratio
379 2979 575 3063 paratactica
606 2977 744 3063 quodam
771 2978 866 3042 modo
900 2980 1069 3043 coniuncta
1091 2989 1140 3043 est
1167 3001 1238 3042 cum
1260 2979 1359 3064 hypo-

269 3086 394 3148 tactica.
447 3085 521 3149 hist.
549 3084 584 3148 H
614 3085 651 3148 17
680 3099 848 3170 aperuerat
874 3087 940 3149 iam
966 3086 1098 3150 Italiam.
1124 3087 1245 3167 bellum,
1275 3087 1361 3173 quod

269 3193 488 3256 transuerberat
514 3193 569 3256 ala
600 3192 746 3272 Siliana,
778 3193 866 3257 orello
899 3193 989 3278 apud
1018 3217 1201 3280 quemquam
1231 3193 1360 3260 Othonia

260 3299 391 3384 fauore,
412 3323 467 3365 uec
489 3301 565 3386 quic
593 3300 753 3365 Vitellium
774 3301 913 3380 malleat,
936 3300 992 3364 sed
1013 3301 1107 3389 louqa
1127 3325 1197 3386 parc
1217 3301 1358 3389 freqerct

267 3408 383 3492 faciles
405 3409 629 3494 occupantibus
650 3422 678 3473 et
697 3409 877 3473 melioribus
898 3409 1083 3473 incuriosos.
1113 3407 1189 3474 ibid.
1204 3410 1245 3474 45
1269 3411 1357 3476 1-3.

268 3515 344 3580 ibid.
364 3515 437 3580 139
459 3519 597 3604 cydarae
618 3517 753 3596 drbt'tur,'
766 3517 831 3580 siue
852 3530 886 3580 ut
906 3517 1060 3601 mulceret,
1078 3540 1131 3582 eeu
1144 3554 1186 3564 —
1206 3517 1358 3582 credebat.

269 3622 344 3687 ibid.
360 3622 377 3686 I
391 3623 432 3687 76
452 3625 606 3708 manebat,
623 3648 685 3689 ocu
699 3625 840 3710 partium
856 3623 971 3707 studeo,
986 3624 1042 3688 sed
1052 3638 1128 3690 erat.
1161 3625 1210 3708 85,
1228 3625 1357 3690 18—21.

268 3729 319 3813 36,
340 3731 451 3794 6-11.
