3328 5218
675 638 872 732 ,1-7-

229 863 311 928 quas
332 840 508 925 praesentis
531 847 580 903 est
601 838 754 923 temporis
775 835 902 922 pendet,
923 834 1077 900 habemus
1092 844 1147 900 aut
1162 836 1318 902 rationem

230 959 409 1034 temporum
428 946 605 1039 relativam,
635 946 662 1008 si
690 946 786 1009 etiam
816 946 900 1009 actio
930 943 1117 1009 secundaria
1142 947 1319 1029 praesentis

230 1067 279 1122 est
299 1056 451 1141 temporis
482 1053 522 1118 cf.
545 1053 618 1119 dial.
643 1053 659 1117 1
682 1075 774 1139 saepe
794 1052 947 1138 requiras,
978 1075 1035 1116 cur
1066 1053 1207 1117 retineat.
1250 1051 1318 1116 Aut

231 1165 420 1246 absolutam,
443 1163 469 1227 si
490 1162 573 1227 actio
596 1160 784 1226 secundaria
805 1159 969 1245 praeteriti
989 1160 1142 1244 temporis
1164 1169 1222 1244 est,
1244 1181 1319 1224 nam

233 1273 313 1337 duae
335 1271 478 1336 actiones
512 1291 594 1354 quae
611 1290 676 1332 non
698 1268 809 1333 eodem
829 1268 981 1353 temporis
1008 1267 1133 1331 vinculo
1155 1269 1318 1332 continen-

231 1389 283 1444 tur
304 1400 369 1443 non
390 1379 452 1442 nisi
473 1378 597 1441 ratione
617 1376 764 1441 absoluta
783 1376 933 1459 coniungi
945 1385 1097 1461 possunt:
1121 1375 1160 1438 cf.
1172 1375 1253 1459 Agr.
1268 1375 1316 1440 31.

233 1488 274 1554 G.
296 1488 325 1552 5.
346 1487 397 1552 28.
419 1486 468 1550 25.
499 1485 572 1549 hist.
594 1484 612 1548 I
632 1487 661 1548 4.
683 1485 732 1548 69.
762 1483 798 1548 Π
818 1483 867 1549 39.
890 1483 939 1547 73.
965 1483 1032 1548 100.
1054 1482 1108 1547 ΙΠ
1130 1484 1179 1547 71.
1208 1482 1317 1547 1V49.

232 1597 281 1660 60.
301 1595 350 1659 73.
393 1615 467 1658 ann.
497 1592 599 1656 1171.
640 1590 694 1655 HI
716 1591 763 1654 12.
785 1591 834 1656 53.
875 1589 924 1654 IV
948 1591 974 1654 1.
996 1590 1046 1654 37.
1068 1590 1118 1654 40.
1157 1589 1240 1654 XIV
1268 1591 1317 1654 54.

231 1703 333 1768 inhia
355 1723 481 1788 quoque
510 1700 663 1785 exemplis
691 1698 844 1763 habemus
876 1699 1033 1762 rationem
1062 1707 1241 1783 temporum
1264 1697 1317 1761 ab·

232 1812 384 1876 solutam:
413 1811 447 1894 a)
468 1805 691 1873 iuturumI
719 1843 759 1854 —
787 1827 918 1891 praes.
962 1804 1035 1869 hiat.
1057 1804 1135 1870 138
1165 1818 1319 1869 certamen

231 1921 299 2003 erit,
321 1919 391 2004 quis
411 1920 548 2002 imputat.
592 1915 627 1998 b)
651 1913 832 1978 futurum
853 1913 871 1977 I
892 1949 933 1959 -
954 1913 1053 1998 perf.
1095 1911 1168 1977 hiat.
1201 1911 1251 1976 IV
1278 1912 1317 1976 67

232 2027 342 2113 quibus
363 2025 484 2089 ortibus
504 2022 693 2102 traduxerit,
708 2021 882 2115 reddamus.
921 2043 994 2085 ann.
1011 2019 1029 2084 I
1045 2021 1086 2085 58
1105 2044 1165 2106 quo
1181 2019 1318 2084 ludibrio

231 2134 427 2219 conflictatus
457 2133 511 2212 ait,
543 2129 725 2195 manorubo.
782 2129 869 2193 XIII
898 2128 940 2194 20
976 2151 1056 2214 qaae
1085 2127 1212 2193 diuerso
1244 2151 1318 2214 pro-

232 2241 382 2320 diderint,
404 2239 572 2305 trademus.

312 2349 352 2412 In
374 2347 545 2413 enuntiatis
566 2344 713 2410 finalibus
727 2367 778 2409 res
793 2346 839 2408 sic
855 2367 889 2409 se
905 2343 1024 2408 habere
1038 2342 1173 2409 videtur.
1204 2343 1312 2410 Enun-

231 2458 345 2520 tiatum
366 2454 587 2520 secundarium
609 2453 704 2517 finale
725 2453 876 2535 continet,
898 2461 934 2516 ut
956 2475 996 2516 ex
1013 2453 1082 2537 ipso
1099 2453 1227 2516 nomine
1242 2453 1331 2528 satia

232 2573 374 2649 apparet,
406 2563 502 2627 finem
521 2561 666 2626 'actionis
702 2560 880 2646 primariae.
934 2560 1023 2624 Finis
1051 2569 1157 2625 autem
1186 2559 1319 2623 actionis

234 2671 397 2735 cuiusdam
417 2670 534 2756 duplici
553 2670 678 2733 ratione
699 2667 850 2751 coniungi
871 2677 979 2752 potest
1000 2689 1071 2731 cum
1085 2669 1216 2760 actione
1232 2669 1320 2731 cuius

232 2778 304 2843 finis
331 2788 395 2862 est,
435 2787 490 2842 aut
518 2777 643 2841 ratione
672 2775 807 2839 relativa
835 2776 897 2858 ita,
929 2785 965 2840 ut
991 2775 1132 2860 fingatur
1162 2779 1320 2842 actionem

233 2887 319 2951 illam
345 2908 403 2972 per
431 2886 537 2949 omnia
565 2884 718 2969 temporis
747 2893 909 2948 momenta
937 2882 1148 2968 subsequens,
1184 2895 1240 2949 aut
1267 2885 1321 2949 ab·

184 3014 186 3018 ’
234 2993 338 3057 soluta
363 2994 426 3076 ita,
452 3002 489 3057 ut
518 2999 646 3076 praeter
666 2992 832 3055 consilium
860 2991 986 3075 agentis
1008 2990 1167 3056 elucescat
1185 2993 1320 3057 actionis

235 3109 378 3165 eventus.
1197 3177 1199 3181 ι

314 3206 425 3293 Ipsum
453 3216 560 3271 autem
587 3206 665 3271 illud
696 3206 865 3271 discrimen
895 3208 979 3271 inter
1007 3207 1187 3272 absolutam
1213 3217 1245 3272 et
1273 3231 1320 3272 re·

232 3317 363 3381 lativam
396 3326 575 3400 temporum
607 3317 763 3380 rationem
790 3337 828 3379 ea
862 3314 902 3379 de
937 3337 1032 3380 causa
1068 3315 1210 3381 nondum
1244 3318 1321 3381 satis

233 3423 436 3508 observatum
457 3431 506 3487 est
526 3424 560 3486 in
582 3423 753 3486 enuntiatis
773 3422 938 3507 finalibus,
969 3422 1054 3508 quod
1088 3422 1199 3488 eodem
1226 3422 1321 3488 modo

234 3541 269 3596 ut
300 3533 334 3595 in
363 3531 614 3616 interrogatione
643 3529 807 3615 indirecta,
834 3533 861 3595 si
890 3540 1026 3616 utraque
1054 3533 1137 3596 actio
1170 3533 1321 3617 temporis

234 3640 411 3725 praesentis
440 3647 505 3723 est,
544 3638 710 3703 diiudicari
741 3640 852 3724 nequit
879 3648 987 3703 utrum
1016 3640 1157 3704 actiones
1188 3639 1322 3703 relativa

233 3748 357 3811 ratione
379 3748 443 3811 sint
465 3748 634 3810 coniuncta
655 3767 697 3810 an
718 3745 874 3830 absoluta,
897 3748 1116 3811 coniunctivus
1130 3767 1206 3811 vero
1230 3768 1320 3831 prae-

234 3855 333 3919 sentis
356 3855 409 3939 qni
432 3856 575 3939 sequitur
589 3854 766 3939 perfectum
782 3856 938 3919 enuntiati
956 3855 1098 3940 primarii
1111 3856 1158 3920 ita
1172 3855 1322 3940 explicari

234 3962 330 4044 solet,
362 3971 397 4025 ut
430 3961 553 4026 dicatur
581 3962 758 4047 perfectum
789 3961 866 4026 illud
899 3964 1055 4027 enuntiati
1084 3964 1226 4048 primarii
1257 3964 1322 4027 vim

234 4070 409 4153 praesentis
439 4068 566 4152 habere,
594 4091 659 4133 non
690 4071 869 4155 praeteriti,
899 4091 962 4154 qua
997 4070 1037 4134 de
1067 4070 1212 4135 doctrina
1239 4071 1323 4134 infra

234 4174 475 4262 disputabimus.

316 4282 356 4347 In
377 4285 548 4349 enuntiatis
571 4263 669 4368 igitur
689 4283 837 4348 finalibus
859 4283 1012 4349 habemus
1033 4269 1211 4350 *discrimen
1238 4286 1322 4348 inter

1109 4417 1124 4464 2
