3328 5218
834 626 875 691 20

391 829 425 913 γ)
457 827 519 891 duo
548 833 692 912 tempora
720 829 888 891 coniuncta
918 834 992 890 sunt
1023 827 1056 890 in
1091 826 1254 890 enuntiato
1287 847 1395 890 secun·

456 935 564 1019 dario:

459 1043 491 1126 1)
519 1041 696 1127 perfectum
717 1051 749 1106 et
769 1040 1009 1127 imperfectum:
1031 1041 1049 1104 Ι
1070 1041 1098 1124 9,
1123 1044 1149 1105 1.

455 1150 489 1234 2)
519 1150 694 1235 perfectum
716 1159 748 1214 ct
769 1171 938 1236 praesens:
964 1147 981 1212 I
1004 1149 1051 1232 18,
1086 1149 1102 1212 1
1116 1149 1231 1234 floruit
1252 1146 1340 1228 adeo,
1356 1161 1396 1212 ‚at

519 1271 668 1343 separato
696 1257 768 1338 siat,
797 1258 952 1322 eaistimcc
981 1278 1043 1342 quo
1071 1257 1104 1320 in
1134 1255 1279 1340 exemplo
1306 1255 1394 1319 notio

518 1366 700 1450 temporalis
732 1366 892 1450 participii
928 1377 1078 1450 reparato
1109 1364 1155 1428 ita
1185 1364 1329 1448 evanuit,
1359 1373 1395 1428 ut

518 1472 695 1559 perfectum
723 1471 799 1536 illud
830 1473 1040 1557 compositum
1066 1492 1166 1556 prope
1192 1469 1324 1535 accedat
1354 1470 1396 1535 ad

436 1623 438 1626 -
520 1580 784 1666 significationem
798 1581 992 1664 praeacutis,
1013 1577 1054 1642 ad
1069 1581 1203 1644 alterum
1217 1578 1395 1643 membrum

519 1688 559 1752 ef.
582 1687 617 1752 ΙΙ
638 1688 706 1770 128,
727 1687 749 1750 4
769 1710 802 1752 eo
822 1687 983 1773 perducit,
1006 1701 1039 1750 ut
1060 1687 1197 1751 advocet.

308 1823 349 1886 in
371 1823 716 1904 interrogatione
737 1819 954 1885 indirecta.

390 1955 424 2034 α)
456 1955 490 2016 in
511 1961 618 2016 cnunt.
640 1975 687 2037 pr.
710 1961 759 2017 cst
779 1951 907 2017 indicat.
930 1951 1071 2037 perfecti.

456 2059 492 2124 Π
514 2060 562 2144 82,
583 2061 613 2124 2.

389 2170 423 2251 β)
457 2167 585 2232 indicat.
608 2167 793 2253 imperfecti.

455 2274 473 2338 Ι
493 2276 522 2359 3,
547 2276 573 2338 1.

389 2383 422 2466 γ)
455 2489 473 2553 Ι
495 2490 543 2573 15,
565 2490 585 2551 5
607 2488 861 2572 (mandaverim).

388 2621 432 2686 Π.
455 2621 614 2701 Quoniam
635 2621 781 2685 omnibus
802 2621 869 2685 fere
900 2622 934 2684 iu
963 2619 1052 2684 libris
1078 2621 1294 2702 grammaticis
1315 2621 1392 2703 legi·

305 2752 376 2794 mus
398 2730 484 2795 nulla
504 2731 566 2793 nisi
597 2729 736 2794 eiusdem
764 2729 890 2813 generis
918 2738 1063 2814 tempora
1084 2729 1234 2812 coniungi
1254 2729 1338 2793 inter
1359 2751 1393 2792 sc

305 2861 407 2923 posse,
420 2855 517 2901 unum
533 2837 681 2923 quodque
695 2837 872 2922 perfectum
886 2838 1121 2900 enuntiatorum
1136 2835 1393 2899 secundariorum

305 2968 362 3031 pro
383 2948 486 3030 logico
510 2946 651 3031 perfecto
674 2945 856 3010 habendum
878 2968 948 3009 csse
967 2944 1102 3028 videtur,
1125 2947 1150 3010 si
1172 2947 1205 3009 in
1227 2945 1391 3009 enuntiato

306 3055 456 3138 primario
473 3054 641 3118 antecedat
663 3055 714 3118 vel
735 3077 896 3140 praesens,
918 3055 970 3119 vel
984 3053 1134 3119 futurum.
1174 3051 1269 3137 Quod
1282 3073 1393 3116 vorum

306 3171 457 3246 nonest,
491 3164 565 3248 quia
586 3164 772 3247 saepissime
803 3167 836 3226 in
869 3163 1040 3227 enuntiatis
1073 3158 1273 3242 secundariis,
1304 3169 1392 3223 ante·

308 3269 442 3334 cedente
463 3271 496 3333 in
518 3271 681 3334 enuntiato
697 3271 847 3355 primario
862 3270 1031 3355 praesenti,
1052 3268 1194 3354 perfecta
1215 3269 1393 3330 invenimus

307 3399 389 3462 quac
410 3378 496 3442 nullo
518 3377 612 3442 modo
634 3400 691 3463 pro
712 3379 824 3462 logicis
846 3371 956 3442 haberi
977 3386 1120 3462 possunt.

305 3533 333 3573 a.
363 3509 466 3596 apud
487 3509 682 3576 Tacitum.

386 3618 421 3701 α)
453 3619 494 3683 in
522 3619 717 3682 enuntiat.
740 3618 1031 3681 consecutivis

436 3725 525 3804 hist.
547 3725 565 3789 I
584 3726 625 3788 42
655 3726 713 3789 hac
739 3725 845 3810 petiae
872 3726 940 3788 ciac
966 3725 1034 3788 vito
1066 3724 1218 3808 famaque
1247 3721 1392 3793 inclinat,

452 3847 486 3897 at
507 3823 648 3897 conscius
668 3832 768 3915 faerit
788 3832 922 3911 sceleris,
944 3831 1034 3896 caiae
1054 3855 1152 3895 cacco
1173 3843 1249 3894 crat.

385 3943 420 4024 β)
454 3941 494 4003 in
515 3937 858 4025 interrogatione
878 3939 1098 4006 indirecta.

455 4050 486 4131 1)
513 4049 546 4112 in
578 4058 684 4113 enunt.
707 4049 857 4133 primario
889 4047 1050 4112 antecedit
1083 4046 1274 4132 perfectum,
1307 4044 1393 4132 quod

514 4178 571 4241 pro
596 4156 700 4240 logico
730 4155 831 4240 accipi
859 4165 983 4241 potest:
1016 4156 1096 4238 Agr.
1120 4156 1168 4236 ll,
1193 4157 1220 4218 1.
1261 4153 1334 4218 hist.
1356 4152 1391 4217 ΙΙ

513 4263 564 4346 42,
585 4263 606 4324 4
628 4263 674 4345 (in
694 4272 830 4348 utroque
852 4263 1017 4348 exemplo:
1038 4261 1249 4348 compertam).
1285 4261 1391 4326 annl

513 4372 543 4455 5,
566 4369 606 4434 14
628 4370 828 4453 (compertam
849 4370 916 4454 act).
