3328 5218
807 649 845 715 19

725 737 920 744 -—-—--—-

278 852 328 935 84,
350 852 379 916 4.
421 850 475 916 ΠΙ
494 851 545 934 21,
567 851 595 914 7.
633 849 682 914 IV
706 850 753 934 15,
775 851 804 914 9.
840 849 890 934 36,
912 850 941 914 3.
974 849 1095 933 51,14.
1139 849 1219 933 V1,
1241 850 1270 914 9.
1312 848 1365 913 XI

230 945 231 948 ¹
278 961 358 1044 5,1.
395 959 446 1044 24,
467 960 517 1025 21.
557 959 644 1023 XIII
667 959 714 1043 16,
739 959 786 1022 17.
826 957 875 1042 39,
897 958 946 1022 22.
988 958 1038 1040 41,
1060 958 1111 1021 25.
1152 955 1236 1021 XIV
1267 958 1312 1040 12,
1334 958 1363 1021 3.

277 1068 378 1152 411.
421 1066 487 1131 XV
510 1068 557 1150 16,
578 1067 607 1130 2.
641 1066 689 1149 (in
718 1065 780 1130 hoc
807 1064 951 1150 exemplo
984 1064 1118 1150 perfecti
1146 1065 1365 1130 coniunctivus

278 1177 463 1240 coniunctus
485 1185 533 1239 est
555 1196 626 1238 cum
639 1174 817 1260 imperfecti
831 1173 1057 1256 coniunctivo.)
1092 1171 1246 1236 Videmus
1267 1174 1366 1257 igitur

278 1284 428 1348 Tacitum
459 1285 492 1347 in
520 1280 824 1367 interrogationibus
854 1279 1016 1345 indirectis
1036 1301 1109 1343 raro
1130 1289 1255 1344 tantum
1273 1302 1365 1345 usum

279 1413 348 1456 esse
371 1391 573 1455 coniunctivo
595 1389 747 1474 perfecti,
777 1398 887 1452 contra
907 1389 940 1451 in
962 1388 1133 1452 enuntiatis
1156 1389 1365 1452 consecutivis

279 1500 414 1584 saepius.
456 1497 496 1562 In
528 1496 681 1581 Agricola
716 1506 749 1562 et
782 1499 816 1560 in
850 1495 939 1560 libris
972 1494 1177 1560 historiarum
1207 1494 1364 1581 prioribus

277 1606 441 1689 habemus,
463 1627 526 1669 uno
549 1615 682 1690 excepto
705 1605 861 1690 exemplo,
890 1605 1126 1668 coniunctivum
1146 1603 1280 1689 perfecti
1301 1626 1365 1668 non

278 1715 340 1778 nisi
363 1714 485 1778 omissis
506 1715 539 1776 in
561 1714 724 1777 enuntiato
748 1713 898 1798 primario
913 1713 1023 1776 formis
1037 1712 1127 1776 verbi
1148 1735 1219 1776 osso.
1256 1733 1364 1798 quam-

281 1843 377 1908 quam
407 1830 514 1885 autem
535 1819 699 1885 Woelflini
727 1820 904 1886 doctrinam
942 1819 981 1884 de
1015 1819 1191 1884 elocutione
1219 1818 1386 1884 Tacitinav

279 1928 439 2013 gradatim
471 1951 527 2014 per
548 1928 690 2012 singulos
719 1927 817 1992 libros
845 1927 971 1993 exculta
998 1926 1091 1991 valde
1118 1925 1228 2012 probo,
1260 1935 1366 1990 tamen

279 2037 361 2102 hanc
382 2058 449 2102 rem
470 2036 617 2100 huonon
638 2035 789 2119 referam,
821 2037 895 2121 quia
922 2036 1000 2100 tales
1021 2057 1070 2098 res
1091 2056 1155 2098 non
1177 2056 1301 2119 semper
1331 2035 1364 2097 in

280 2166 316 2209 eo
337 2166 465 2209 causam
487 2143 621 2227 habent,
652 2142 737 2228 quod
757 2143 861 2207 Taciti
880 2144 1015 2208 elocutio
1037 2142 1195 2227 gradatim
1225 2141 1366 2227 perfecta

279 2261 381 2316 estet
402 2252 538 2334 exculta,
568 2250 624 2314 sed
655 2252 839 2336 saepissime
868 2253 963 2315 etiam
993 2252 1026 2313 in
1055 2273 1091 2314 eo
1121 2250 1205 2334 quod
1234 2249 1364 2315 Tacitus

278 2361 324 2424 ita
345 2361 474 2444 ingenio
498 2380 555 2422 suo
576 2357 715 2442 indrdsit,
743 2369 779 2422 ut
799 2359 933 2442 singulis
955 2361 1121 2422 structuris
1151 2360 1184 2421 in
1205 2358 1254 2423 his
1275 2358 1364 2422 libris

278 2466 511 2553 quodammodo
539 2466 698 2550 abutatur,
726 2468 760 2529 in
790 2466 852 2530 illis
879 2466 973 2550 plane
994 2487 1047 2530 eas
1075 2467 1210 2544 omittat.
1252 2466 1365 2532 Restat

278 2596 363 2639 nunc
382 2584 419 2638 ut
439 2574 573 2638 aliorum
595 2595 720 2659 quoque
741 2575 931 2658 scriptorum
958 2595 1051 2638 usum
1081 2574 1274 2638 coniunctivi
1295 2595 1365 2660 per·

278 2682 354 2747 fecti
375 2682 601 2747 examinemus.

359 2837 387 2880 a.
418 2814 524 2900 apud
546 2813 775 2880 Caesarem.
811 2812 1207 2898 b.g.1121‚4.11115‚3.
1229 2814 1363 2899 V15,1.

277 2923 328 3010 54,
336 2923 366 2986 3.
387 2921 455 2986 VH
471 2921 519 3004 17,
534 2923 562 2986 3.
579 2921 626 3003 (in
643 2920 704 2985 boc
719 2921 863 3006 exemplo
877 2920 1032 2986 habemus
1048 2923 1284 2986 coniunctivum
1295 2944 1364 3007 per·

278 3031 354 3094 fecti
375 3030 577 3093 coniunctum
599 3049 671 3092 cum
692 3029 893 3093 coniunctivo
915 3029 1094 3114 imperfecti
1113 3039 1149 3093 ut
1170 3051 1266 3114 supra
1279 3028 1366 3114 apud

277 3136 425 3202 Tacitum
453 3157 526 3200 ann.
552 3134 619 3199 XV
643 3137 688 3220 16,
709 3135 754 3220 2.)
787 3135 859 3201 bell.
892 3136 972 3224 hisp.
1006 3137 1054 3220 15,
1076 3138 1105 3201 3.
1147 3137 1198 3221 23,
1219 3137 1248 3201 8.
1292 3136 1364 3201 bell.

278 3246 359 3312 alex.
383 3245 433 3330 43,
455 3245 485 3310 3.

359 3378 390 3443 b.
420 3377 527 3464 apud
548 3377 802 3446 Sallustium.
845 3376 916 3461 Iug.
933 3377 982 3460 79,
996 3379 1025 3442 5.
1048 3379 1098 3462 88,
1113 3378 1145 3442 6.
1173 3399 1218 3442 ο1.
1233 3378 1263 3462 5,
1279 3381 1299 3458 ξ
1316 3379 1364 3442 11.

275 3485 355 3551 haec
370 3488 516 3572 exempla
531 3488 613 3550 coni.
629 3486 764 3570 perfecti
785 3487 891 3550 omnia
912 3495 986 3550 sunt
1006 3487 1040 3550 in
1060 3485 1364 3570 interrogationibus

274 3594 449 3678 indirectis,
471 3615 605 3680 quorum
626 3603 734 3660 tamen
755 3592 889 3658 verbum
909 3595 1094 3679 primarium
1116 3593 1366 3678 agrammaticis

274 3701 373 3786 vulgo
394 3700 531 3766 babetur
552 3723 609 3787 pro
631 3701 736 3785 logico
757 3700 908 3788 perfecto.

359 3856 386 3896 o.
416 3832 522 3920 apud
542 3832 761 3899 Velleium.

276 3941 319 4003 in
340 3949 475 4032 enupt.
498 3944 791 4012 consecutivis.

360 4049 396 4129 a)
426 4049 461 4112 in
500 4049 664 4113 enuntiato
704 4050 854 4134 primario
898 4059 946 4114 est
987 4049 1178 4116 indicativus
1220 4049 1364 4135 perfecti.

425 4154 552 4239 113,1
578 4155 706 4239 (18,1).
746 4155 780 4222 II
800 4156 851 4240 30,
873 4157 902 4221 6.
932 4157 982 4241 66,
1003 4157 1032 4221 4.
1064 4158 1114 4241 90,
1135 4158 1164 4222 3.
1196 4158 1263 4240 103,
1285 4159 1314 4224 5.

359 4263 394 4345 β)
427 4264 627 4328 enuntiatum
648 4263 870 4328 secundarium
890 4263 1008 4351 pendet
1029 4287 1069 4330 ex
1091 4267 1272 4330 accusativo
1294 4286 1365 4328 cum

426 4369 583 4435 infinitivo
604 4370 757 4457 perfecti:
779 4369 815 4436 Π
836 4371 887 4455 99,
907 4372 938 4437 4.

1133 4499 1166 4552 2*
