3328 5218
415 837 454 902 B.
484 840 566 903 actio
588 839 739 924 primaria
768 847 799 902 et
828 837 1016 903 secundaria
1043 858 1107 902 non
1136 838 1248 904 eodem
1269 843 1421 928 temporis

480 947 608 1010 vincsdo
629 947 843 1011 continentur.-

480 1055 515 1131 ul
543 1075 644 1137 praes.
666 1091 707 1100 -
728 1052 808 1140 perf.
851 1053 931 1137 Agr.
956 1055 1003 1118 10.
1045 1054 1117 1119 hist.
1140 1054 1189 1119 IV
1209 1056 1238 1120 5.

478 1160 513 1242 β)
544 1181 644 1246 praes.
666 1198 707 1206 -
727 1161 802 1245 imp.
846 1159 956 1226 Germ.
980 1161 1029 1224 28.
1075 1183 1148 1226 ann.
1170 1161 1223 1226 XI
1244 1163 1291 1227 11.

478 1268 512 1352 γ)
542 1290 644 1352 praes.
665 1306 706 1314 -
727 1268 824 1333 futur.
867 1267 939 1332 hist.
962 1267 1011 1332 IV
1032 1269 1081 1332 64.

481 1375 515 1457 d)
542 1374 622 1460 perf.
664 1414 700 1424 —
723 1398 825 1460 praes.
868 1375 941 1441 hist.
973 1375 1025 1440 III
1059 1377 1108 1441 58.
1158 1377 1207 1440 IV
1234 1378 1282 1443 73.
1333 1377 1421 1444 Vs.

544 1505 616 1547 ann.
637 1482 743 1547 1142.
773 1483 822 1547 IV
843 1482 892 1547 24.
928 1483 981 1548 XI
1001 1485 1051 1548 25.
1083 1483 1154 1548 XH
1177 1486 1224 1549 17.
1256 1484 1321 1548 XV
1342 1486 1371 1549 3.
1394 1487 1422 1549 7.

482 1591 512 1673 s)
543 1592 619 1675 imp.
660 1628 702 1637 —
721 1612 823 1675 praes.
866 1591 997 1656 anull
1018 1591 1067 1656 56.
1090 1592 1139 1657 39.

480 1699 511 1781 ς)
540 1700 643 1783 plusq.
661 1735 703 1745 —
722 1721 825 1783 praes.
869 1698 943 1764 hist.
966 1699 984 1764 I
1005 1700 1053 1764 72.

332 1831 423 1896 Haec
449 1831 555 1894 omnia
587 1833 733 1916 exempla
770 1841 843 1896 sunt
875 1834 1007 1896 rationis
1042 1842 1221 1917 temporum
1256 1833 1421 1898 absolutae

333 1941 416 2004 inter
436 1941 594 2004 actionem
614 1941 797 2024 primariam
818 1949 851 2004 et
872 1939 1106 2023 secundariam3
1139 1942 1317 2025 praesentis
1346 1964 1421 2005 usus

332 2049 366 2111 in
388 2049 528 2112 euntiato
549 2048 737 2112 secundario
759 2050 944 2135 saepissime
966 2048 1172 2134 explicandus
1195 2058 1243 2113 est
1263 2070 1303 2113 ex
1317 2048 1422 2114 Taciti

333 2153 437 2219 studio
458 2177 510 2219 res
532 2176 614 2240 quae
634 2165 709 2220 sunt
727 2157 892 2240 praeteriti
912 2157 1065 2241 temporis
1087 2156 1128 2220 ad
1150 2178 1260 2221 causas
1276 2156 1422 2220 omnibus

333 2262 528 2348 temporibus
550 2284 735 2326 communes
757 2262 937 2327 revocandi.

413 2370 452 2435 In
473 2372 645 2435 enuntiatis
668 2370 854 2452 causalibus,
886 2392 968 2456 quae
1000 2373 1235 2436 coniunctivum
1265 2371 1421 2456 praebent

332 2479 485 2544 habemus
506 2479 573 2544 fere
595 2501 720 2564 semper
742 2481 977 2544 coniunctivum
993 2480 1171 2564 imperfecti
1192 2489 1224 2547 et
1240 2479 1420 2565 plusquam·

333 2587 476 2672 perfecti,
497 2586 760 2651 antecedentibus
781 2588 814 2650 in
837 2597 944 2651 enunt.
967 2588 1116 2671 primario
1139 2588 1322 2671 praeterito,
1343 2587 1374 2651 h.
1394 2608 1420 2650 e.

332 2697 489 2759 rationem
509 2696 686 2760 relativam.
728 2695 852 2758 ratione
873 2704 1053 2778 temporum
1074 2694 1221 2758 absoluta
1241 2693 1422 2780 explicandi

334 2813 408 2867 sunt
428 2802 508 2866 loci:
542 2801 614 2866 hist.
637 2800 654 2865 I
677 2802 715 2865 15
736 2803 771 2865 iu
793 2801 883 2865 domo
905 2825 1106 2866 successorem
1128 2803 1290 2886 quaesiuit,
1312 2825 1365 2888 epo
1386 2802 1421 2865 ia

334 2909 513 2995 republica,
544 2933 605 2973 nou
640 2910 718 2994 quio
750 2933 812 2973 acu
842 2909 980 2972 babeam.
1032 2908 1141 2975 Germ.
1164 2909 1205 2972 36
1232 2909 1315 2993 fuit,
1345 2909 1422 2994 quia

335 3017 485 3100 quiescas.

417 3121 631 3187 indicativum
652 3132 684 3187 ct
706 3124 941 3186 coniunctivum
961 3122 1115 3188 habemus
1140 3144 1212 3187 ann.
1227 3122 1276 3186 Vl
1292 3122 1330 3188 18
1342 3122 1420 3206 (24).

417 3231 469 3295 De
490 3230 654 3295 modorum
676 3254 735 3296 usu
762 3233 795 3296 in
827 3233 998 3296 enuntiatis
1026 3231 1204 3295 causalibus
1238 3232 1301 3294 iam
1322 3231 1420 3295 Reuss

335 3340 400 3423 egit
427 3340 622 3425 protulitque
652 3341 686 3403 in
718 3340 939 3404 dissertatione
968 3362 998 3424 p.
1019 3340 1060 3404 29
1089 3339 1249 3422 tabulam,
1278 3361 1341 3424 qua
1368 3338 1420 3402 de·

335 3457 526 3512 monstraret
544 3448 691 3512 Tacitum
705 3449 739 3510 in
753 3447 981 3532 posterioribus
1003 3447 1165 3511 annalium
1185 3447 1273 3511 libris
1296 3448 1420 3531 saepius

336 3556 571 3619 coniunctivum
591 3554 773 3619 adhibuisse
794 3555 827 3617 in
848 3557 1021 3619 enuntiatis
1043 3578 1063 3618 a
1083 3555 1239 3639 particula
1265 3554 1349 3639 quod
1374 3556 1424 3642 111·Ι

335 3661 534 3747 cipientibus,
556 3683 651 3747 quam
664 3664 697 3726 in
716 3662 804 3726 libris
822 3663 983 3726 annalium
1000 3662 1158 3747 prioribus
1174 3672 1207 3727 et
1222 3665 1256 3727 in
1272 3660 1419 3727 historiis.

335 3769 407 3833 Hoc
427 3779 534 3833 tamen
554 3770 680 3835 Reussii
701 3770 809 3834 tabula
831 3769 960 3854 probari
981 3772 1100 3855 nequit,
1132 3773 1206 3857 quia
1238 3774 1334 3836 etiam
1366 3795 1420 3837 eos

334 3877 421 3940 locos
442 3878 629 3957 numeravit,
651 3877 705 3961 qui
727 3878 878 3942 orationis
900 3877 1048 3962 obliquae
1070 3889 1144 3943 sunt
1166 3889 1198 3944 et
1215 3903 1252 3944 ea
1269 3879 1310 3944 de
1326 3901 1422 3944 causa

335 3986 399 4049 iam
420 3985 655 4048 coniunctivum
676 3983 829 4068 praebere
850 3982 977 4049 debent.

417 4093 456 4156 In
478 4093 649 4156 enuntiatis
679 4092 889 4157 adversativis
917 4116 988 4157 cum
1017 4096 1216 4159 coniunctivo
1248 4096 1420 4179 praevalet,

335 4201 416 4263 sicut
454 4201 488 4262 in
523 4201 695 4264 enuntiatis
728 4199 925 4284 causalibus,
955 4203 1036 4264 ratio
1069 4212 1247 4286 temporum
1276 4203 1419 4267 relativa.

335 4308 491 4371 rationem
514 4307 692 4371 absolutam
712 4307 864 4372 habemus
887 4331 894 4372 :
