3328 5218
832 562 871 626 16

308 761 435 826 Wetzel
450 761 491 825 ad
506 761 588 825 hanc
602 760 820 826 difficultatem
836 761 1021 825 solvendam
1035 769 1156 825 rectam
1174 762 1311 844 ingressi
1326 771 1400 825 sunt

306 870 401 956 riam,
433 879 540 934 tamen
572 891 684 934 vereor
719 870 814 933 nimis
851 869 997 952 angustis
1033 868 1150 934 finibus
1187 869 1271 933 huno
1307 892 1400 934 usum

308 977 577 1041 circumscribant.
621 976 657 1043 Si
679 978 763 1041 enim
784 978 920 1060 legimus
936 975 1039 1041 Tacit.
1051 976 1123 1041 hist.
1139 976 1174 1040 H
1189 978 1228 1040 41
1247 977 1399 1042 iocatum

306 1085 373 1168 fuit
399 1099 501 1148 atram
531 1123 574 1130 —
601 1084 812 1169 coeptaveriat
840 1084 892 1148 vel
922 1107 994 1148 ann.
1016 1084 1034 1148 Ι
1056 1086 1095 1149 76
1126 1109 1182 1149 aar
1214 1085 1399 1151 abstinuerit

307 1194 482 1279 spectaculo
511 1195 599 1257 varie
629 1193 792 1256 trahebant
822 1192 940 1256 nullam
970 1194 1196 1276 cogitationem
1224 1215 1399 1278 agnoscere

306 1324 437 1387 possum
458 1301 576 1365 dicenti
598 1303 768 1386 propriam,
800 1301 942 1365 subiecto
972 1303 1128 1366 enuntiati
1158 1303 1299 1386 primarii
1321 1324 1397 1387 quo-

299 1408 474 1473 dammodo
498 1410 686 1495 oppositam,
708 1407 770 1472 huo
790 1407 912 1473 accedit
927 1408 1013 1494 quod
1029 1410 1175 1495 exempla
1193 1410 1398 1474 inveniuntur

307 1518 352 1580 ita
374 1526 572 1602 comparata,
605 1526 641 1580 ut
662 1517 735 1580 talis
759 1517 916 1600 oppositio
938 1518 1022 1580 inter
1043 1517 1218 1580 subiectum
1241 1519 1397 1582 enuntiati

307 1625 449 1708 primarii
471 1634 502 1688 et
524 1623 703 1688 secundarii
725 1625 852 1687 omnino
882 1624 995 1688 adesse
1024 1646 1090 1689 non
1119 1628 1221 1710 possit
1249 1625 1398 1710 quodque

276 1740 277 1744 ’
306 1731 366 1796 bac
387 1734 440 1796 via
461 1733 697 1796 coniunctivum
718 1732 852 1817 perfecti
872 1733 1109 1796 enuntiatorum
1121 1735 1398 1798 consecutivorum

307 1841 467 1925 explicare
487 1863 552 1904 non
573 1861 750 1925 possumus.

389 1948 473 2012 Tota
493 1971 544 2012 res
563 1947 641 2012 mihi
662 1947 703 2012 ad
725 1947 894 2012 discrimen
925 1947 1085 2032 quoddam
1117 1948 1201 2012 inter
1231 1948 1397 2014 relativam

308 2066 339 2121 et
367 2055 546 2120 absolutam
575 2053 708 2119 duarum
739 2057 900 2120 actionum
928 2056 1085 2119 rationem
1116 2057 1297 2121 revocanda
1329 2079 1398 2122 esse

306 2163 441 2228 videtur.
485 2162 664 2248 Quodque
686 2165 809 2227 ratione
832 2165 874 2227 sit
895 2164 1116 2249 accipiendum
1137 2175 1173 2229 ut
1193 2166 1305 2230 melius
1327 2188 1396 2251 per-

307 2273 459 2357 spiciatur
487 2273 703 2335 examinemus
731 2271 872 2335 breviter
903 2294 965 2355 quo
994 2272 1089 2336 modo
1120 2274 1250 2356 linguae
1279 2274 1397 2339 latinae

307 2381 471 2464 ingenium
499 2379 561 2443 sibi
590 2379 719 2453 finxerit
747 2381 886 2443 rationes
915 2380 999 2443 inter
1028 2383 1187 2476 actionem
1213 2381 1396 2466 primariam

307 2497 339 2551 et
360 2487 580 2551 secundariam
608 2489 641 2550 in
670 2488 841 2552 enuntiatis
870 2487 1027 2569 finalibus,
1050 2489 1271 2572 consecutivis,
1299 2490 1395 2552 inter-

304 2597 476 2679 rogatione
496 2595 660 2660 indirecta.

388 2702 424 2769 Si
445 2703 730 2788 interrogationem
760 2703 913 2767 directam
944 2703 1023 2789 quid
1050 2717 1093 2768 ost
1120 2703 1293 2790 palorum?
1320 2726 1395 2789 pen·

306 2811 434 2875 dentem
455 2809 617 2875 reddimus
639 2832 679 2874 ex
701 2809 798 2874 verbo
829 2810 967 2894 quodam
996 2811 1215 2894 interrogandi
1245 2813 1396 2895 temporis

305 2919 447 3003 perfecti,
472 2918 589 3003 duplici
610 2916 704 2982 modo
726 2917 788 2981 hoc
809 2917 878 2981 fieri
899 2928 1015 3002 potest,
1042 2929 1097 2983 aut
1118 2921 1242 2984 ratione
1263 2921 1398 2984 relativa

306 3026 335 3090 h.
359 3049 376 3090 e
398 3048 435 3090 eo
465 3026 551 3111 quod
579 3028 737 3090 actionem
765 3025 986 3090 secundariam
1017 3036 1174 3112 quatenus
1202 3028 1243 3091 ad
1271 3038 1396 3113 tempus

304 3134 471 3200 referimus
493 3133 534 3198 ad
555 3134 689 3198 verbum
711 3135 867 3198 enuntiati
888 3136 1030 3219 primarii
1057 3135 1270 3221 dicimusque:
1304 3158 1396 3220 qaae·

305 3243 388 3322 sivit,
420 3242 498 3328 quid
533 3255 609 3306 esset
633 3242 783 3328 pulcram
815 3252 871 3306 aut
901 3244 1025 3306 ratione
1055 3243 1202 3308 absoluta
1238 3243 1395 3308 dicentes:
1449 3237 1450 3242 ’

305 3351 468 3436 quesivit,
491 3349 570 3435 qaid
591 3352 706 3435 sitite,
729 3352 812 3415 aetio
835 3352 1023 3416 secundaria
1044 3354 1206 3437 propriam
1222 3374 1312 3416 suam
1331 3355 1397 3416 vim

303 3459 530 3541 notionemque
557 3459 693 3522 retineat
717 3460 929 3544 'temporalem
967 3470 999 3524 et
1037 3461 1239 3524 coniunctivo
1271 3471 1395 3524 tantum

303 3566 461 3629 indicetur
481 3565 564 3629 hanc
585 3567 742 3630 actionem
764 3567 855 3630 alteri
878 3589 947 3630 esse
965 3566 1206 3632 subordinatam
1222 3591 1281 3633 nec
1296 3570 1395 3633 omni-

305 3673 364 3737 bns
386 3672 590 3758 expertibus
612 3675 661 3736 sui
682 3674 758 3736 iuris
780 3695 858 3738 esse.

387 3781 489 3848 Simili
510 3783 633 3846 ratione
650 3804 702 3846 res
724 3804 759 3846 se
781 3781 877 3846 habet
899 3784 926 3846 si
954 3785 986 3846 in
1018 3786 1180 3848 enuntiato
1203 3783 1392 3848 secundario

304 3891 481 3976 perfectum
501 3889 671 3973 babemus3
693 3913 786 3955 nemo
808 3891 941 3976 negabit
962 3894 996 3956 in
1018 3894 1173 3978 exemplo,
1196 3891 1280 3978 quod
1298 3915 1394 3978 supra

304 3999 368 4063 iam
389 3996 519 4063 adtuli:
542 3999 693 4063 incertum
706 3998 781 4083 fuit
802 4023 843 4062 aa
866 4001 1076 4084 coeptavers‘at
1103 4002 1262 4066 actionem
1283 4022 1392 4064 sccun-

305 4106 427 4170 dariam
456 4106 559 4188 magis
581 4105 760 4169 absolutam
779 4107 948 4191 magisque
970 4108 1018 4170 sui
1040 4108 1116 4171 iuris
1139 4130 1218 4190 esse,
1248 4130 1344 4193 quam
1367 4109 1394 4171 si

305 4213 436 4277 Tacitus
458 4213 767 4298 plusquamperfecto
789 4236 864 4276 usus
888 4224 981 4278 esset.
1031 4213 1164 4280 sivero
1196 4218 1394 4281 enuntiatum

305 4319 527 4388 secundarium
547 4322 807 4405 interrogationis
840 4321 1014 4386 indirectas
1037 4346 1076 4387 ex
1098 4325 1223 4388 actione
1244 4325 1395 4410 primaria
