3328 5218
749 605 791 671 53

237 803 297 868 XI.
327 826 411 867 cum
441 805 663 868 infinitivo
691 805 916 890 histori003
953 805 985 870 in
1024 814 1130 869 enunt.
1159 807 1308 890 primerio

371 911 523 976 habemus
545 912 908 997 plusquamperfectum:
940 915 973 997 y)
991 912 1061 998 Iug.
1084 913 1134 997 98,
1155 913 1185 977 2.

223 1044 301 1109 ΧΠ.
332 1045 588 1108 enuntiatum
628 1044 917 1109 secundarium
954 1044 1108 1128 pendet
1147 1066 1226 1108 non
1261 1067 1309 1109 ex

371 1152 881 1237 ipsaecticneprimaria.

313 1281 341 1323 a.
372 1281 412 1322 ex
433 1257 589 1322 infinitivo
611 1261 796 1345 praesentis.
836 1258 906 1324 Oet.
924 1259 961 1322 12
983 1262 1240 1344 operaepretium
1256 1272 1309 1337 est,

373 1391 440 1430 ωιτη
463 1367 650 1453 copncveris,
679 1367 783 1430 visere.
834 1367 884 1450 51,
909 1366 946 1430 19
974 1369 1236 1452 supervacaneum
1267 1381 1310 1429 est

369 1473 529 1558 disserere,
565 1498 633 1538 ωιτη
667 1475 855 1561 praesertim
889 1476 960 1537 sr’rrt.
1013 1474 1054 1538 25
1085 1475 1143 1559 qui
1170 1475 1311 1538 concepit

374 1583 487 1662 timere,
521 1606 589 1646 ωιτη
621 1582 799 1670 repleperis.
847 1582 897 1665 58,
927 1581 966 1645 16
1004 1583 1038 1645 ic
1067 1581 1149 1668 fuya
1181 1582 1310 1646 salutem

374 1712 509 1775 sperare,
532 1713 600 1753 ωιτη
622 1688 807 1769 adverteres,
830 1688 984 1753 dementia
1005 1701 1067 1752 est:
1100 1711 1144 1753 cr.
1167 1687 1248 1754 Phil.
1272 1689 1311 1753 14

366 1795 496 1881 placere
517 1798 573 1876 cit,
593 1796 742 1876 rescindi,
764 1820 831 1861 ωιτη
856 1809 954 1883 copat-

310 1911 341 1975 b.
371 1934 411 1977 ex
439 1903 595 1976 infinitivo
624 1911 766 1996 perfecti.
819 1911 889 1996 Iug.
912 1912 940 1994 9,
965 1912 986 1975 4
1018 1935 1087 1976 ωιτη
1115 1913 1308 2000 cirtelieperit,

373 2019 490 2084 dicitur
511 2020 664 2084 habuisse.

314 2151 340 2192 c.
374 2150 414 2192 ex
435 2128 575 2193 ablativo
597 2129 752 2193 absoluto.
795 2128 865 2212 Iug.
887 2127 1307 2213 tertiumdecimum

370 2236 504 2320 civitate,
525 2259 594 2300 ωιτη
615 2249 787 2323 reparetur,
809 2236 961 2321 ‹ffecerat
1003 2235 1088 2318 62,9
1110 2235 1217 2300 diebus
1239 2261 1308 2301 ωητ-

372 2344 513 2428 sumptis,
535 2367 604 2407 ωιτη
626 2343 758 2421 ducent,
779 2356 947 2430 repeteret,
970 2344 1071 2406 sumit.
1116 2365 1159 2408 cr.
1177 2341 1255 2430 Lep.
1270 2345 1311 2408 23

370 2465 592 2536 extorquerent,
623 2453 747 2540 epreqic
774 2450 892 2515 scilicet
919 2450 1065 2532 mercede,
1094 2475 1163 2515 ιητη
1191 2451 1308 2516 intelle·

369 2559 480 2645 periet.

312 2667 341 2731 d.
372 2688 411 2731 ex
441 2666 607 2752 participio
636 2666 813 2730 coniunctc.
864 2663 935 2750 Iug.
958 2666 1050 2749 58,6
1086 2679 1120 2731 at
1156 2666 1310 2752 qucrtka

370 2773 547 2860 impeditus,
570 2796 638 2837 ωιτη
654 2766 895 2860 praecipitaret,
918 2774 1078 2860 efficerent,
1099 2797 1132 2836 se
1152 2775 1275 2858 recepit.

312 2906 338 2947 e.
372 2904 411 2946 ex
433 2881 598 2945 adiectivc.
643 2903 686 2946 cr.
709 2880 823 2968 Lepidi
844 2884 863 2946 6
885 2895 1068 2969 sumpserat,
1090 2883 1235 2962 satiatus,
1255 2881 1311 2946 sed

371 3003 432 3053 tum
456 2988 622 3067 crudelior,
644 3013 713 3053 ωιτη
734 3003 883 3074 vortunt„

303 3121 365 3186 His
386 3121 466 3186 haec
486 3121 633 3186 addenda
654 3131 728 3186 sunt
750 3145 757 3186 ι

306 3231 338 3314 1)
370 3232 451 3294 ratic
485 3239 664 3315 temporum
692 3231 727 3293 in
755 3229 837 3294 bello
866 3228 1056 3312 Iugurthino
1089 3229 1191 3312 magis
1221 3228 1311 3290 varic

371 3348 434 3420 est,
463 3359 558 3423 quam
579 3338 612 3400 in
634 3336 773 3402 Catilina
794 3337 834 3400 cf.
857 3359 906 3401 ex.
928 3357 976 3420 gr.
1000 3335 1191 3401 infinitivum
1212 3335 1309 3399 histo-

370 3447 471 3510 ricum
491 3447 524 3509 in
547 3447 710 3510 enuntiato
732 3444 927 3510 secundario.
969 3466 1037 3529 cap.
1060 3444 1109 3527 98,
1131 3445 1160 3507 2.

303 3554 337 3637 2)
370 3577 439 3618 ωιτη
459 3553 621 3618 considero
642 3554 776 3637 legimus
799 3551 869 3617 Cat.
893 3552 942 3616 29.
964 3553 1014 3616 52.
1037 3552 1086 3616 58.
1130 3573 1199 3614 ωιτη
1213 3573 1309 3636 prce·

370 3662 474 3725 sertim
496 3659 567 3745 Iug.
586 3661 616 3725 2.
631 3662 659 3724 3.
702 3683 772 3724 ωιτη
792 3661 917 3724 interim
937 3659 1008 3742 Iug.
1028 3659 1075 3723 12.
1112 3659 1310 3722 enuntiatum

369 3768 589 3832 secundarium
611 3767 787 3850 antecedit,
815 3768 928 3852 incipit
957 3776 1063 3831 autem
1091 3788 1157 3829 non
1178 3764 1218 3828 cb
1240 3766 1311 3850 ipsa

370 3877 525 3961 particula
546 3900 614 3940 ωιτη
637 3874 707 3940 Cat.
728 3875 778 3939 23.
800 3875 849 3940 29.
875 3874 923 3940 35.
946 3875 996 3939 36.
1038 3872 1108 3957 Iug.
1133 3873 1180 3936 14.
1196 3873 1236 3937 93
1250 3871 1308 3936 bis.

370 3983 437 4046 risi
454 4007 523 4047 ωιτη
544 3983 577 4046 in
599 3983 762 4047 enuntiato
793 3992 866 4068 post
895 3983 1093 4046 enuntiatum
1125 3981 1309 4066 primarium

372 4091 475 4174 posito
511 4089 664 4155 habemus
697 4089 768 4174 Iug.
803 4090 853 4153 44.
914 4089 1091 4152 Enuntieta
1124 4087 1310 4152 secundaria

373 4196 487 4283 quibus
524 4197 585 4261 duc
622 4196 765 4261 membra
803 4206 877 4260 sunt
914 4197 1118 4261 inveniuntur
1148 4217 1220 4259 cum
1250 4217 1310 4258 usu

375 4305 566 4390 anaphoricc
589 4305 763 4389 particulae
784 4327 853 4368 ωιηι
873 4305 906 4367 in
927 4302 1122 4368 orationibus
1144 4324 1226 4387 quac
1248 4300 1306 4367 Ce-
