3328 5218
779 595 797 660 7

685 684 881 692 *-

322 797 417 862 Certe
438 797 495 861 tali
516 796 745 860 adiectivorum
771 818 829 859 usu
857 795 1005 860 liberiore
1031 793 1214 860 ,sententiae
1240 793 1325 876 cogi·

238 907 439 990 tationesque
461 925 542 988 quae
564 905 736 968 enuntiatis
767 902 961 967 secundariis
991 903 1125 986 exprimi
1154 910 1326 986 potuerunt

239 1014 459 1098 exprimuntur
493 1035 513 1076 a
548 1011 755 1097 scriptoribus
797 1011 938 1075 breviter
988 1010 1138 1095 loquendi
1190 1007 1327 1092 quadam

238 1121 371 1186 ratione.
422 1120 561 1199 Quinam
593 1130 699 1184 autem
727 1118 819 1182 huius
849 1141 925 1182 usus
954 1117 1034 1182 fines
1063 1119 1142 1201 sint,
1171 1138 1327 1202 quaenam

239 1229 303 1292 sint
324 1219 464 1292 rationes
486 1227 659 1290 diiudicare
673 1248 737 1290 non
752 1247 930 1310 possumus,
952 1227 1013 1288 nisi
1035 1227 1122 1310 prius
1144 1223 1228 1309 apud
1249 1224 1327 1288 alios

239 1357 365 1421 quoque
387 1336 557 1420 scriptores
579 1334 809 1400 adiectivorum
823 1356 915 1398 usum
931 1334 1225 1398 examinaverimus.
1255 1330 1328 1394 Hoc

238 1455 345 1509 tamen
367 1453 507 1508 statuere
521 1464 689 1529 possumus
704 1442 789 1528 apud
807 1441 978 1507 Caesarem
992 1442 1113 1506 nullum
1134 1440 1201 1504 fere
1223 1440 1327 1504 locum

239 1553 383 1631 inveniri,
416 1573 510 1638 quem
531 1551 572 1615 ad
594 1551 815 1615 illustrandam
837 1550 920 1614 hanc
941 1549 1045 1614 Taciti
1067 1547 1327 1613 consuetudinem

238 1662 394 1746 possimus
417 1659 553 1734 adferre,
585 1657 670 1743 apud
699 1656 885 1723 Sallustium
906 1679 982 1720 vero
1004 1678 1106 1741 pauca
1126 1665 1251 1719 tantum
1273 1676 1326 1718 ex·

238 1778 324 1832 stare
346 1768 500 1852 exempla.

322 1874 417 1953 Quod
428 1874 513 1960 apud
527 1884 638 1959 poetas
649 1874 749 1937 multa
764 1872 855 1936 huius
870 1894 946 1936 usus
962 1874 1109 1956 exempla
1123 1871 1328 1936 inveniuntur

239 1982 299 2046 hoc
321 2004 386 2046 non
408 1982 486 2046 nihil
508 1982 548 2046 ad
570 1981 770 2067 probandam
791 2002 895 2045 meam
910 1981 1101 2044 sententiam
1115 1979 1209 2063 valet,
1226 1988 1328 2043 totam

237 2113 305 2154 rem
327 2089 548 2175 explicandam
569 2112 639 2154 esse
665 2113 705 2154 ex
727 2089 832 2153 studio
864 2088 1041 2171 brevitatis,
1073 2109 1147 2151 nam
1169 2088 1265 2150 etiam
1286 2085 1327 2150 ad

238 2199 414 2262 carminum
448 2199 657 2262 elocutionem
686 2196 837 2262 artificosi
867 2197 1104 2261 enuntiatorum
1138 2194 1230 2258 orbes
1262 2215 1327 2257 non

238 2306 409 2392 quadrant..

320 2446 395 2512 VH.
423 2449 616 2533 Saepissime
641 2456 807 2532 praeterea
828 2447 1049 2532 exprimuntur
1070 2467 1090 2509 a
1110 2443 1327 2529 scriptoribus,

238 2556 438 2640 maximeque
473 2577 492 2618 a
528 2554 641 2619 Tacito
680 2554 857 2618 sententiae
896 2545 1177 2639 cogitationesque,
1214 2550 1327 2635 quibus

239 2663 403 2727 enuntiata
424 2659 612 2726 secundaria
634 2661 785 2744 compleri
807 2668 978 2744 potuerunt
1001 2658 1126 2722 casibus
1155 2657 1327 2722 substanti-

238 2792 350 2835 vorum
386 2778 441 2834 aut
472 2769 680 2833 substantivis
723 2790 794 2831 cum
831 2765 1119 2853 praepositionibus
1151 2766 1327 2829 coniunctis

238 2879 278 2943 of.
301 2878 413 2942 diall
445 2879 565 2941 invenis
594 2905 633 2930 =
663 2897 734 2939 cum
762 2874 885 2939 iuvenis
915 2896 1034 2964 essem3
1065 2873 1082 2936 7
1113 2874 1200 2937 homo
1230 2897 1328 2937 novus

239 3017 274 3041 =
301 3007 494 3072 quamquam
514 2985 544 3048 h.
567 3007 597 3048 n.
621 3005 723 3066 eram3
752 2983 793 3047 32
821 3005 910 3068 qaae,
937 2981 1012 3045 olim
1041 2982 1158 3045 artium
1190 2981 1328 3058 dominc,

237 3095 386 3180 implebat
415 3122 455 3147 =
483 3115 555 3156 oum
587 3129 630 3138 -
657 3101 750 3156 esset.
804 3090 878 3154 Huc
905 3089 1091 3155 referendus
1123 3099 1172 3154 est
1194 3089 1330 3153 'liberior

238 3226 314 3268 usus
336 3203 398 3267 abl.
421 3223 536 3266 causae
558 3211 590 3265 et
611 3200 672 3264 abl.
695 3199 791 3282 modi,
825 3198 880 3263 sed
902 3199 936 3262 in
958 3198 1018 3262 hac
1040 3218 1223 3283 quoquere
1253 3197 1328 3282 quid

238 3310 351 3374 Tacito
374 3312 415 3374 sit
437 3310 600 3395 proprium
622 3307 787 3372 diiudicari
810 3307 930 3391 nequit,
954 3307 1016 3369 nisi
1042 3307 1129 3391 prius
1147 3306 1329 3369 examinata
1383 3305 1386 3312 ’

240 3421 300 3484 erit
319 3420 452 3483 aliorum
474 3439 601 3503 quoque
622 3418 813 3502 scriptorum
834 3414 1038 3479 consuetudo.

322 3816 413 3880 Haeo
435 3816 474 3880 de
497 3816 611 3900 quibus
633 3837 729 3901 supra
751 3814 819 3878 dixi
839 3813 1111 3898 breviloquentiae
1127 3811 1267 3875 rationes
1284 3809 1329 3872 in·

246 3925 417 3988 veniuntur
447 3925 630 4007 saepissime
655 3924 843 3987 coniunctae
871 3931 903 3986 et
932 3922 1069 3984 interse
1091 3928 1213 3984 etcum
1235 3938 1331 3980 enun-

241 4031 326 4095 tiatis
356 4031 559 4094 secundariis.
610 4029 650 4094 In
682 4029 852 4112 dialogo
883 4030 916 4092 in
948 4049 1010 4112 quo
1042 4027 1174 4091 Tacitus
1205 4025 1330 4089 Cicero·

239 4160 314 4203 nem
328 4148 454 4202 secutus
467 4140 562 4203 etiam
576 4140 680 4221 magis
696 4137 904 4201 concinnitati
918 4135 1034 4216 studet,
1048 4156 1143 4220 quam
1159 4130 1330 4196 variandae

241 4247 412 4311 elocutioni
431 4246 517 4309 hunc
539 4267 630 4310 usum
651 4245 792 4309 nondum
813 4245 1000 4310 invenimus.
