3328 5218
660 627 856 730 *ag—

217 831 350 918 perfecti
379 831 539 916 denegare
572 830 680 898 studet
713 831 826 898 sufficit
855 852 956 918 pauca
983 830 1103 914 dicere,
1139 851 1211 894 cum
1237 830 1299 896 alio
1334 901 1336 908 ,

217 940 286 1005 loco
316 941 378 1004 iam
406 939 446 1004 de
475 939 662 1004 Hoffmanni
688 931 998 1026 plusquamperfecto
1029 940 1133 1023 logico
1170 940 1298 1023 egerim.

218 1048 289 1114 Etsi
310 1049 421 1132 negari
442 1069 507 1111 non
528 1057 634 1133 potest
655 1046 737 1112 hanc
757 1047 944 1114 Hoffmanni
965 1047 1200 1115 distinctionem
1229 1046 1299 1110 fun·

219 1155 402 1222 dementum
423 1153 582 1240 quoddam
604 1153 722 1220 habere
741 1155 775 1219 in
797 1165 866 1220 tota
884 1155 932 1220 rei
951 1164 1075 1238 natura,
1106 1163 1215 1218 tamen
1234 1175 1300 1217 non

218 1273 343 1330 tantum
363 1262 404 1327 ad
425 1261 622 1348 probandam
641 1261 828 1328 Hoffmanni
855 1263 1047 1328 sententiam
1073 1262 1175 1344 valet,
1202 1282 1300 1346 quan·

217 1381 286 1436 tum
305 1373 375 1457 ipse
394 1380 502 1457 putat3
524 1392 608 1454 nam,
630 1391 822 1456 quamquam
842 1370 1028 1456 imperfecto
1050 1391 1088 1434 ea
1106 1370 1193 1433 notio
1206 1371 1300 1452 inest,

217 1488 253 1542 ut
281 1478 439 1562 significet
468 1480 625 1544 actionem
652 1488 707 1542 aut
738 1477 940 1542 incohantem
969 1487 1025 1542 aut
1054 1475 1239 1560 durantem,
1267 1475 1300 1540 id

150 1572 153 1582 ¹
219 1588 399 1671 oppositum
429 1607 494 1650 non
522 1596 570 1650 est
598 1587 715 1650 rationi
745 1586 897 1650 relativae
927 1586 1011 1650 inter
1048 1584 1206 1651 actionem
1237 1584 1299 1668 pri-

217 1695 351 1757 mariam
372 1703 404 1758 et
424 1692 653 1758 secundariam.
704 1694 799 1759 Actio
827 1693 911 1758 enim
942 1715 1024 1779 quae
1051 1714 1109 1777 per
1141 1714 1176 1757 se
1207 1690 1301 1756 durat
1443 1745 1448 1751 .

218 1809 274 1865 aut
310 1800 462 1866 incohans
494 1811 543 1865 est
577 1801 688 1866 eadem
724 1811 833 1867 manet
871 1802 967 1865 etiam
1002 1803 1029 1865 si
1065 1802 1098 1864 in
1136 1801 1300 1868 enuntiato

218 1908 403 1973 secundario
432 1931 472 1974 ex
501 1910 627 1973 actione
654 1911 805 1995 primaria
831 1907 965 1994 pendet,
997 1918 1034 1974 ut
1061 1929 1127 1972 non
1158 1909 1302 1972 seiuncta

219 2016 261 2080 sit
280 2018 367 2080 notio
389 2015 571 2101 temporalis
592 2017 770 2102 imperfecti
793 2016 834 2080 ab
857 2038 895 2080 ea
914 2017 1052 2100 notione,
1083 2037 1146 2104 qua
1166 2015 1300 2080 actionis

218 2124 354 2208 qualitas
376 2133 408 2188 et
429 2123 547 2219 gradus
568 2123 775 2208 significatur.
794 2159 837 2171 -

561 2305 677 2391 Apud
698 2305 959 2372 Sallustium.

246 2438 272 2503 I.
304 2459 389 2503 cum
410 2437 648 2503 indicativo
669 2440 920 2525 praesentis.
963 2438 1008 2520 (b.
1031 2461 1057 2502 c.
1079 2437 1109 2502 d.
1138 2467 1177 2492 =
1199 2459 1301 2524 praes.

300 2545 509 2629 historicum.)

301 2675 330 2718 a.
366 2653 556 2717 indicativus
586 2655 772 2738 praesentis.
825 2653 861 2738 α)
892 2652 961 2719 Cat.
992 2653 1047 2738 20,
1077 2655 1124 2719 12.
1166 2653 1223 2739 58,
1254 2654 1301 2721 18.

367 2761 402 2846 β)
422 2760 493 2845 Iug.
515 2762 565 2843 85,
586 2761 627 2824 21
658 2774 758 2847 atque.
800 2761 834 2847 γ)
857 2760 926 2851 Cat.
948 2761 998 2846 20,
1020 2761 1049 2827 6.
1087 2762 1138 2847 52,
1159 2762 1189 2828 2.
1230 2762 1301 2847 Iug.

366 2867 397 2951 2,
418 2867 447 2932 4.
486 2888 530 2931 or.
554 2866 675 2937 Cottae¹
689 2869 718 2932 7.
752 2891 796 2932 or.
818 2868 900 2933 Phil.
924 2869 971 2933 17.

301 2975 332 3038 b.
365 2974 538 3039 infinitivus
558 2973 736 3040 historicus.
778 2977 811 3061 γ)
833 2976 903 3060 Ing.
927 2977 974 3060 12,
996 2977 1025 3040 5.

302 3105 328 3144 c.
366 3079 593 3165 imperfectum.
635 3081 669 3166 γ)
690 3080 760 3166 Iug.
784 3083 852 3166 106,
873 3084 902 3148 5.

301 3188 331 3253 d.
366 3188 718 3274 plusquamperfectum.
761 3190 795 3274 γ)
817 3188 889 3274 Iug.
911 3190 961 3273 60,
982 3189 1011 3256 6.

233 3319 277 3386 Π.
307 3343 393 3386 oum
414 3321 679 3385 coniunctivo
700 3323 949 3407 praesentis.

309 3451 337 3493 a.
372 3449 532 3514 praesens.
568 3427 615 3512 u)
647 3450 691 3493 or.
719 3428 822 3494 Macri
852 3428 899 3493 15.
956 3428 989 3514 γ)
1027 3426 1097 3513 Iug.
1129 3429 1159 3513 3,
1186 3430 1216 3496 2.
1259 3454 1303 3496 or.

368 3535 483 3601 Cottae
505 3538 552 3600 14.

301 3643 332 3707 b.
368 3643 601 3707 coniunctivum
622 3645 807 3728 praesentis.
847 3643 881 3728 γ)
903 3663 947 3708 or.
969 3642 1083 3729 Lepidi
1105 3645 1133 3708 1.

301 3773 328 3814 c.
363 3748 504 3814 futurum
525 3749 551 3814 I.
593 3750 626 3834 γ)
649 3773 693 3816 or.
716 3750 831 3816 Cottae
854 3751 900 3816 11.

219 3881 280 3947 HI.
303 3903 389 3947 cum
409 3883 640 3948 indicativo
661 3882 912 3970 imperfecti.

300 4012 328 4054 a.
363 4012 513 4076 praesens
534 4013 636 4077 praes.
678 3991 712 4077 γ)
734 3991 805 4076 Iug.
827 3991 877 4075 31,
894 3991 936 4057 20
954 3991 1090 4078 placeat,
1113 4015 1181 4056 cum
1201 4005 1300 4077 erum,

366 4098 533 4162 ludebatis.
631 4141 633 4146 ·

301 4203 331 4269 b:
367 4205 719 4292 plusquamperfectum.
761 4204 959 4290 y)Iug.51,
981 4207 1009 4270 2.

301 4334 328 4376 c.
364 4312 593 4398 imperfectum.
634 4317 669 4396 β)
692 4335 736 4378 or.
759 4313 840 4378 Phil.
862 4316 882 4394 ξ
903 4312 924 4376 6
945 4312 1094 4398 equidem.

1069 4441 1102 4492 4*
