3328 5218
803 578 838 640 11

720 667 916 674 ——----

356 800 429 842 ann.
444 776 527 841 XIV
554 777 583 841 5.
615 777 662 841 12.
694 778 740 840 16.
772 777 818 840 17.
846 777 896 840 27.
925 777 975 841 31.
1004 777 1054 840 32.
1084 776 1133 840 43.
1163 775 1213 839 47.
1243 775 1292 838 49.

620 883 782 972 1281111

355 1015 428 1056 111.
462 991 527 1056 XV
555 991 584 1056 2.
613 993 641 1057 8.
674 993 721 1056 10.
747 995 781 1055 ll
806 991 855 1056 bis
875 993 925 1056 25.
948 992 997 1056 26.
1020 992 1070 1056 27.
1092 993 1141 1056 34.
1164 992 1214 1055 42.
1238 991 1288 1055 45.
1311 992 1361 1055 48.

622 1099 671 1163 51.
695 1100 744 1163 66.
789 1097 840 1185 [32
861 1096 950 1185 pgg.]
1277 1195 1279 1200 ,

272 1206 415 1271 videmus
437 1206 521 1270 huno
541 1229 635 1270 usum
657 1216 689 1270 61
710 1206 810 1270 multo
832 1206 1083 1290 frequentiorem
1106 1226 1176 1270 esse
1194 1205 1279 1290 apud
1300 1204 1361 1269 Ta-

273 1315 369 1377 citum
392 1335 487 1399 quam
507 1314 592 1401 apud
615 1315 786 1378 Caesarem
819 1324 851 1378 et
880 1316 912 1377 in
940 1312 1168 1398 posterioribus
1200 1315 1363 1378 annalium

272 1422 361 1485 libris
383 1423 509 1506 saepius
530 1423 677 1505 inveniri,
701 1443 797 1507 quam
818 1422 851 1485 in
873 1421 1043 1507 prioribus,

265 1609 268 1614 ,
354 1528 391 1593 B.
415 1531 517 1594 altera
539 1552 634 1594 causa
656 1551 719 1615 qua
733 1529 854 1593 factum
870 1541 928 1614 est,
950 1540 986 1593 ut
1001 1531 1238 1594 enuntiatorum
1252 1551 1359 1594 secun·
1383 1525 1387 1532 ’

273 1636 435 1701 duriorum
456 1660 530 1701 usus
556 1637 640 1721 apud
662 1637 811 1701 Tacitum
838 1659 902 1701 non
933 1638 979 1701 ita
1007 1637 1156 1722 frequens
1187 1640 1237 1721 sit,
1268 1658 1363 1723 quam

271 1744 355 1830 apud
377 1745 454 1808 alios
477 1745 657 1828 scriptores,
687 1745 791 1830 posita
820 1755 869 1808 est
899 1745 931 1807 in
962 1766 998 1807 eo
1029 1744 1114 1829 quod
1142 1745 1273 1809 Tacitus
1295 1767 1361 1808 sae-

271 1853 401 1938 pissime
423 1853 603 1934 enuntiata,
631 1874 713 1937 quae
735 1852 936 1916 subordinari
966 1862 1124 1936 poterant,
1155 1840 1376 1935 coordinavit,

274 1968 305 2023 61
326 1961 484 2024 rationem
505 1961 734 2045 paratacticam
755 1960 906 2046 praetulit
926 1961 1045 2024 rationi
1065 1959 1296 2046 hypotaoticae.

353 2067 448 2132 Hanc
468 2091 544 2132 vero
565 2089 634 2131 rem
655 2068 805 2132 hocloco
828 2077 967 2132 tractare
981 2069 1066 2152 nolo,
1088 2069 1240 2132 nonnulla
1256 2077 1362 2131 tamen

274 2175 453 2260 quaemihi
475 2187 681 2240 occurrerunt
702 2175 882 2260 prolaturus
904 2198 982 2239 sum.

354 2283 394 2346 ln
416 2284 542 2347 ratione
564 2284 683 2347 causali
706 2283 921 2367 exprimenda·
934 2285 981 2347 uti
1009 2292 1115 2368 potest
1143 2284 1280 2367 scriptor
1307 2291 1362 2346 aut

274 2391 313 2452 iis
344 2391 620 2454 coniunctionibus
653 2391 767 2477 quibus
799 2393 881 2454 actio
917 2391 1105 2456 secundaria
1139 2391 1364 2455 subordinatur

272 2497 389 2562 actioni
412 2497 536 2562 cuidam
559 2501 736 2584 primariae,
765 2509 820 2563 aut
841 2501 878 2563 iis
901 2499 1015 2584 quibus
1046 2501 1212 2564 enuntiata
1241 2499 1362 2563 coordi-

250 2667 253 2675 ,
271 2615 397 2689 nantur,
413 2631 496 2685 nam,
513 2610 592 2669 euim
608 2608 676 2671 sim.
711 2628 834 2670 summa
851 2629 927 2671 vero
950 2607 1118 2672 difficultas
1138 2609 1172 2670 in
1187 2607 1362 2671 tractandis

272 2714 390 2778 talibus
412 2714 507 2778 rebus
530 2737 566 2778 eo
589 2717 689 2779 oritur
710 2715 796 2800 quod
818 2717 989 2800 scriptores
1009 2717 1210 2799 maximeque
1232 2715 1362 2779 Tacitus

271 2844 336 2886 111
358 2822 459 2885 solum
481 2823 647 2886 enuntiata
666 2824 817 2909 primaria
830 2823 951 2887 habent
967 2823 1105 2887 causalia
1118 2845 1175 2907 111
1191 2824 1362 2887 enuntiatis

272 2929 450 2992 causalibus
472 2929 666 2993 secundariis
688 2930 743 2994 sed
756 2940 820 2995 aut
842 2930 998 3015 asyndeto
1021 2930 1362 3016 frequenterutuntur,

271 3049 326 3102 aut
348 3038 512 3101 enuntiata
532 3039 615 3102 inter
637 3059 720 3123 quae
740 3039 821 3101 ratio
845 3039 978 3102 causalis
994 3038 1163 3103 intercedit
1183 3039 1363 3124 copulative

181 3174 183 3178 ·
271 3155 396 3209 tantum
420 3147 625 3228 coniungunt.
670 3145 709 3209 of.
734 3146 880 3228 Draeger
902 3168 932 3230 p.
954 3145 1004 3208 44.

353 3252 457 3316 Huius
479 3274 553 3315 usus
577 3253 723 3338 exempla
744 3254 905 3338 proferam
927 3254 1087 3318 nonnulla.

354 3362 434 3444 Agr.
470 3360 509 3423 27
560 3361 761 3444 iniquissima
812 3362 886 3424 hoec
934 3361 1080 3425 bellorum
1124 3362 1266 3428 condicio
1309 3379 1360 3428 est.

269 3491 424 3553 prospera
458 3490 560 3530 omues
591 3469 656 3532 sibu·
689 3469 854 3534 vindicant
862 3520 871 3553 ,
912 3469 1047 3534 aduersa
1080 3473 1139 3536 uui
1167 3473 1363 3558 imputantur

273 3603 311 3630 =
333 3596 407 3638 narn
428 3596 582 3658 prospera
610 3585 669 3640 eto.
696 3576 764 3640 vel:
800 3598 869 3640 cum
901 3577 985 3640 enim
1008 3615 1046 3623 -
1066 3578 1240 3662 vindicent,
1262 3581 1361 3664 impu-

272 3691 389 3746 tantur.

355 3789 464 3855 Germ.
491 3793 536 3874 19,
560 3793 598 3855 15
617 3791 750 3877 plusque
771 3820 810 3847 =
833 3793 902 3877 plus
926 3793 1019 3856 enim.
1064 3792 1151 3877 (hist.
1174 3793 1200 3876 I,
1219 3793 1261 3875 1.)

353 3898 405 3961 Ex
428 3900 631 3982 antiquorum
652 3899 817 3963 rhetorum
837 3899 926 3964 libris
949 3900 1026 3963 satis
1048 3909 1160 3963 notum
1190 3910 1238 3964 est
1267 3923 1360 3987 asyn-

272 4003 345 4068 deto
368 4006 576 4070 elocutionem
597 4005 666 4070 ficri
689 4007 905 4072 efficaciorem.
942 4007 977 4072 si
998 4019 1105 4072 autem
1125 4009 1271 4092 linguam
1291 4010 1360 4074 lati-

271 4135 346 4176 nam
367 4135 586 4198 comparamus
612 4135 683 4176 cum
704 4114 815 4196 lingua
836 4135 960 4198 graeca,
983 4116 1117 4179 alteram
1138 4115 1274 4180 fortasse
1297 4125 1359 4180 sta-

272 4230 361 4285 tuere
399 4243 566 4307 possumus
605 4221 790 4305 utilitatem,
829 4244 924 4307 quam
960 4225 1130 4308 scriptores
1164 4224 1288 4287 romani
1321 4246 1361 4288 ex

271 4328 433 4413 frequenti
453 4351 513 4392 usu
535 4328 683 4414 asyndeti
704 4328 874 4394 duxerunt.
923 4331 1033 4416 lingua
1063 4332 1148 4395 enim
1176 4331 1276 4398 latina
1296 4353 1361 4397 non
