3328 5218
809 607 851 674 48

736 697 934 705 ————--

558 865 616 930 De
642 886 715 928 usu
742 862 981 949 particulae
1008 886 1101 927 cam.

369 1000 408 1066 E.
441 982 634 1081 Hoffmann,
678 1019 749 1061 cum
783 997 868 1061 dicat
906 997 941 1059 in
980 996 1152 1060 enuntiatis
1184 996 1380 1061 secundariis

288 1108 485 1195 aparticula
505 1130 575 1171 cum
602 1105 827 1190 incipientibus
857 1104 1048 1169 indicativus
1081 1124 1150 1168 esse
1182 1125 1246 1167 non
1278 1126 1381 1189 posse,

288 1217 350 1280 nisi
379 1216 462 1280 actio
495 1213 685 1278 secundaria
717 1213 862 1277 omnibus
901 1235 941 1277 ex
976 1211 1121 1297 partibus
1160 1213 1303 1297 aequalis
1340 1213 1383 1277 sit

288 1325 406 1389 actioni
427 1323 612 1408 primariae,
647 1322 754 1385 omnia
775 1321 829 1385 illa
850 1320 996 1405 exempla
1017 1321 1050 1383 in
1071 1318 1186 1404 quibus
1210 1328 1242 1384 et
1263 1313 1381 1384 indica·

288 1429 379 1494 tivus¹
396 1440 445 1494 est
467 1441 498 1495 et
519 1440 656 1516 utraque
677 1430 772 1512 actio,
795 1430 821 1492 si
844 1438 989 1514 tempora
1009 1437 1199 1512 spectamus,
1221 1449 1286 1492 non
1309 1450 1381 1491 con-

289 1541 384 1624 gruit,
407 1541 452 1604 ita
474 1541 621 1625 explicat,
654 1548 690 1602 ut
718 1537 803 1603 dicat
832 1537 942 1602 ambas
972 1537 1113 1601 actiones
1136 1557 1171 1599 re
1191 1557 1268 1601 vera
1297 1537 1381 1600 inter

289 1659 324 1711 se
345 1669 520 1732 congruere
541 1670 600 1712 nec
621 1648 683 1710 nisi
704 1647 808 1711 forma
829 1668 898 1711 esse
920 1646 1071 1710 diversas.
1116 1643 1210 1724 Quod
1232 1665 1318 1727 vero,
1345 1653 1381 1708 ut

289 1777 386 1841 supra
406 1757 469 1818 iam
491 1753 691 1836 dictumest,
724 1753 870 1837 affirmat,
902 1752 1124 1839 imperfectum
1147 1763 1179 1818 et
1200 1753 1380 1837 plusquam-

289 1861 475 1948 perfectum,
507 1865 532 1927 si
559 1862 653 1926 modo
685 1864 810 1927 ratione
845 1872 1025 1947 temporum
1063 1862 1199 1927 relativa
1229 1869 1383 1944 usurpata

289 1973 362 2053 sint,
382 1971 616 2036 coniunctivum
637 1970 791 2056 praebere
811 1970 927 2036 debere
947 1971 981 2035 in
1003 1972 1176 2035 enuntiatis
1197 1967 1378 2055 temporali-

289 2080 358 2164 bus,
377 2080 447 2145 illos
470 2100 596 2165 quoqne
616 2079 713 2164 locos,
732 2078 910 2165 quibusvis
929 2079 1112 2165 temporalis
1132 2079 1267 2143 relativa
1279 2078 1382 2140 inesse

289 2187 416 2253 videtur
436 2198 468 2252 et
488 2186 587 2252 nihilo
609 2189 713 2251 minus
734 2187 925 2252 indicativus
948 2197 1004 2269 est,
1027 2188 1090 2251 alia
1110 2189 1163 2251 via
1186 2186 1332 2270 explicat.

371 2296 562 2380 Priusquam
583 2294 641 2359 has
661 2294 849 2361 Hoffmanni
871 2297 904 2359 in
927 2295 1115 2380 explicando
1135 2294 1277 2378 singulos
1293 2293 1380 2357 locos

289 2404 445 2467 rationem
461 2404 649 2488 examinem,
661 2403 821 2489 proferam
837 2403 932 2468 liceat
942 2425 1046 2468 meam
1059 2403 1099 2468 de
1115 2412 1184 2467 tota
1195 2401 1381 2487 quaestione

290 2513 492 2576 sententiam.

371 2618 444 2683 Hoc
474 2621 543 2684 sine
574 2618 669 2683 dubio
697 2642 808 2684 verum
838 2630 887 2685 est
917 2621 950 2683 in
984 2619 1155 2684 enuntiatis
1186 2617 1382 2703 aparticula

289 2751 358 2790 com
379 2727 614 2812 incipientibus,
645 2728 672 2791 si
693 2729 774 2792 ratio
797 2729 979 2813 temporalis
1007 2729 1134 2810 integra
1162 2747 1305 2811 puraque
1333 2733 1382 2788 est

289 2854 393 2919 neque
424 2835 505 2898 ratio
539 2834 673 2898 causalis
712 2835 763 2898 vel
804 2835 914 2899 similis
954 2834 1111 2919 quaedam
1146 2833 1290 2897 admixta
1323 2841 1380 2914 est,

251 2955 254 2960 '
289 2950 457 3027 utramque
478 2929 635 3006 actionem
658 2940 743 3006 idem
764 2943 871 3007 valere
891 2941 921 3006 h.
940 2963 966 3006 e.
982 2943 1140 3006 actionem
1162 2938 1381 3006 secundariam

288 3070 353 3112 non
375 3059 441 3113 tam
462 3048 701 3114 subordinatam
724 3073 794 3116 esse
815 3052 933 3115 actioni
955 3052 1124 3136 primariae
1146 3070 1241 3135 quam
1260 3047 1380 3112 coordi-

288 3167 414 3238 natam3
445 3167 476 3222 et
503 3157 582 3222 haec
611 3180 707 3223 causa
736 3181 805 3222 esse
836 3159 963 3223 videtur
994 3158 1158 3223 indicativi
1198 3159 1231 3221 in
1265 3155 1381 3221 talibus

289 3266 470 3330 enuntiatis.
525 3265 647 3332 Contra
667 3269 694 3330 si
716 3268 852 3352 scriptor
881 3266 959 3331 duas
990 3268 1132 3330 actiones
1154 3287 1219 3329 non
1240 3266 1287 3328 ita
1308 3285 1379 3327 con·

289 3375 421 3457 iungere
438 3374 515 3455 vult,
539 3382 573 3437 ut
585 3373 719 3438 eandem
736 3365 911 3460 porro‘vim
929 3374 1070 3439 habeant
1087 3385 1118 3438 et
1131 3372 1306 3459 aequalem,
1325 3369 1382 3434 sed

290 3481 336 3544 ita
356 3489 392 3544 ut
412 3480 513 3545 altera
526 3481 596 3566 plus
613 3482 719 3546 valeat
733 3487 828 3568 quam
843 3483 952 3567 altera,
969 3483 1122 3548 habemus
1135 3481 1380 3546 coniunctivum.

378 3585 467 3652 Nihil
487 3597 536 3652 est
564 3612 619 3653 our
638 3592 796 3655 rationem
824 3590 906 3655 hanc
927 3613 991 3655 non
1012 3590 1206 3677 appellemus
1227 3590 1384 3654 rationem

289 3695 472 3779 relativam,
503 3696 589 3760 illam
618 3699 775 3762 rationem
807 3697 1003 3783 absolutam,
1035 3699 1092 3764 sed
1120 3698 1181 3762 hoc
1212 3696 1381 3762 discrimen

289 3803 532 3887 intelligendum
562 3815 611 3869 est
638 3827 703 3869 non
734 3804 774 3871 de
802 3807 926 3871 ratione
959 3807 1135 3891 temporali,
1164 3804 1220 3870 sed
1248 3804 1288 3868 ad
1316 3806 1382 3868 vim

290 3920 387 3997 atque
403 3911 528 3996 pondus
543 3914 709 3999 utriusque
719 3915 854 3978 actionis
864 3914 1076 3980 referendum.
1110 3914 1219 3999 Atque
1236 3913 1382 3999 exempla

290 4019 498 4103 proferamus.

373 4173 400 4214 a.
430 4151 613 4216 futurum
634 4190 676 4201 -
696 4176 825 4239 praes.
876 4155 1065 4240 (Hoffmann
1095 4155 1249 4240 Zeitpart.
1279 4177 1309 4240 p.
1331 4153 1380 4219 65.

290 4257 354 4342 66.)
398 4280 549 4344 praesens
586 4261 619 4324 in
658 4263 822 4327 enuntiato
858 4263 1044 4328 secundario
1085 4286 1150 4327 non
1186 4262 1218 4327 id
1256 4273 1381 4347 tempus

291 4364 460 4451 significat,
482 4367 567 4451 quod
590 4369 618 4431 ei
641 4370 695 4453 qui
716 4369 856 4455 loquitur
876 4393 1027 4455 praesens
1051 4381 1109 4456 est,
1138 4371 1193 4436 sed
1220 4371 1266 4435 ita
1294 4391 1381 4434 usur-
