3328 5218
785 621 825 686 li)

256 824 291 886 in
312 823 519 906 coniunctim,
549 822 605 902 ita,
637 835 679 901 at,
709 847 765 887 cnr
786 823 928 908 qnodque
949 835 1068 908 ternpus
1094 824 1232 908 positum
1260 836 1345 902 esset,

256 953 316 993 non
340 953 379 993 en
399 943 484 993 certa
499 930 667 1016 stabilique
680 932 904 1010 consecutione,
927 930 982 993 sed
996 953 1035 994 ea
1046 932 1184 1016 pennino
1198 932 1346 1017 oniasque

256 1039 293 1101 oi
310 1037 451 1123 intellepi
471 1036 599 1114 deberet,
624 1051 716 1123 utque
737 1037 827 1100 nulla
849 1051 933 1120 esset,
956 1038 988 1101 ei
1006 1053 1150 1102 accurate
1165 1038 1344 1118 diceremus,

259 1160 429 1232 temporum
450 1147 632 1210 consecutio.
676 1145 725 1208 his
753 1144 861 1208 verbis
883 1144 1010 1209 Wetnel
1035 1146 1114 1210 nihil
1140 1145 1226 1210 aliud
1259 1146 1344 1230 dicit,

257 1255 318 1318 nisi
347 1265 472 1338 tempus
501 1255 658 1318 enuntiati
694 1252 873 1318 secundarii
906 1254 981 1337 eligi
1012 1275 1077 1317 non
1110 1276 1168 1337 pro
1202 1265 1345 1340 tempore

258 1363 414 1426 enuntiati
442 1363 600 1448 primarii,
630 1361 686 1425 sed
716 1383 774 1445 pro
803 1371 918 1426 natura
947 1363 1046 1447 ipsius
1074 1363 1208 1426 actionis
1235 1384 1343 1426 secun·

259 1470 366 1534 dariae
388 1480 420 1534 et
442 1491 480 1534 ea
506 1468 546 1532 de
572 1490 678 1542 causa.
695 1471 781 1534 cerni
812 1469 888 1533 illud
920 1470 1004 1554 quod
1037 1471 1238 1552 grammatici
1272 1491 1344 1533 con-

257 1579 453 1642 secutionem
486 1586 665 1663 temporum
697 1588 813 1641 vocant
848 1599 914 1640 non
945 1587 1068 1640 tantum
1102 1578 1135 1639 in
1174 1578 1346 1641 enuntiatis

260 1685 454 1750 secundariis
477 1707 558 1770 quae
580 1687 816 1749 coniunctivum
847 1683 1011 1770 praebent,
1043 1685 1098 1749 sed
1126 1687 1222 1749 etiam
1248 1686 1281 1748 in
1307 1686 1344 1748 iis

258 1815 340 1879 quae
361 1792 569 1857 indicativum
590 1792 751 1857 exhibent.
795 1792 880 1858 Tota
900 1793 999 1876 igitur
1021 1791 1061 1856 de
1076 1803 1254 1878 temporum
1272 1815 1343 1855 con-

259 1903 422 1966 secutione
443 1901 589 1964 doctrina
618 1899 696 1964 nihil
727 1900 813 1964 aliud
836 1910 885 1964 est
915 1900 976 1964 nisi
1005 1900 1151 1964 doctrina
1182 1899 1222 1965 de
1249 1902 1346 1964 variis

258 2019 436 2094 temporum
458 2009 643 2092 rationibus,
666 2030 747 2094 quae
767 2031 826 2093 pro
847 2017 963 2072 natura
983 2009 1230 2092 uniuscuiusque
1248 2029 1345 2071 enun-

257 2120 407 2182 tiatorum
434 2118 561 2201 generis
590 2116 787 2181 intercedere
816 2126 950 2201 possunt
982 2117 1066 2179 inter
1096 2116 1254 2180 actionem
1282 2116 1344 2200 pri-

256 2227 390 2289 mariam
411 2234 443 2289 et
464 2223 693 2288 secundariam.

338 2332 400 2396 His
421 2333 516 2396 rebus
539 2332 691 2416 expositis
713 2330 754 2394 ad
775 2331 902 2414 singula
922 2330 1154 2416 perveniamus.

339 2440 356 2504 Ι
380 2442 413 2504 in
440 2441 611 2504 enuntiatis
639 2438 834 2503 secundariis
868 2441 1079 2510 consecutivis
1110 2450 1142 2504 et
1169 2439 1345 2524 interroga·

257 2549 353 2611 tionis
366 2548 540 2613 indirectae
556 2547 710 2611 habemus
730 2548 968 2610 coniunctivum
984 2547 1119 2632 perfecti
1137 2545 1347 2612 antecedente

258 2655 291 2717 in
312 2656 477 2719 enuntiato
499 2656 648 2738 primario
671 2666 814 2739 tempore
835 2653 996 2717 historico.

343 2763 408 2828 Cic.
438 2784 496 2848 pro
523 2762 667 2826 Balbot
693 2763 830 2847 legimus
861 2775 980 2847 quanto
1001 2764 1101 2845 fuerit
1129 2763 1266 2826 bestamo
1296 2762 1347 2826 die

261 2871 323 2935 Cio.
354 2871 486 2956 Pompei
508 2875 654 2957 proditae
683 2871 715 2934 in
746 2870 889 2949 dicendo,
920 2868 1049 2948 indices,
1079 2893 1158 2954 quae
1185 2869 1346 2956 facultas,

258 3002 338 3063 qaae
358 2981 467 3064 eopia,
499 3003 560 3041 non
591 2979 738 3063 opinione
766 2980 863 3042 tacito
885 2991 1056 3041 aestrorum
1077 2978 1263 3060 animornm,
1292 2977 1348 3042 sed

257 3087 426 3172 perspicua
448 3085 661 3153 admiratione
683 3088 847 3152 declarari
866 3086 1038 3151 ridebatur.
1081 3086 1203 3150 adhaec
1221 3085 1346 3150 Cicero-

257 3196 306 3259 nis
333 3194 433 3259 verha
464 3194 570 3259 adfert
601 3196 728 3261 Wetzel
757 3218 786 3281 p.
821 3196 857 3260 16
887 3195 1066 3259 Buechneri
1098 3194 1346 3274 adnotationem,

258 3303 312 3384 qui
334 3303 379 3365 sic
401 3302 560 3388 disputat:
584 3305 652 3368 alia
675 3319 717 3367 eet
740 3304 803 3368 loci
821 3303 971 3366 sententio
993 3303 1048 3366 ndi
1065 3305 1188 3385 ,esset“,
1211 3302 1279 3366 alio
1296 3303 1351 3366 adi

259 3408 394 3491 ,faerit‘
426 3412 600 3496 scripseris,
630 3412 716 3476 illud
745 3411 905 3497 eipnificat
933 3411 1053 3474 indices
1079 3411 1166 3495 ipsos
1192 3423 1346 3494 perpetua
1380 3417 1383 3424 '

257 3539 316 3578 sna
336 3516 548 3584 admiratione
566 3520 763 3606 patefecisse,
783 3520 862 3604 qnid
890 3517 928 3582 de
950 3519 1080 3602 Pompei
1102 3518 1276 3602 eloquentia
1298 3520 1345 3582 in·

254 3622 402 3712 ¹dicarent
423 3628 570 3710 quantive
592 3652 660 3691 eum
674 3627 834 3712 facerent,
856 3640 889 3689 at
910 3625 947 3688 id
967 3624 1091 3709 quidem
1114 3638 1221 3688 orator
1236 3624 1346 3688 dictio·

258 3734 309 3794 nes
329 3757 391 3795 non
413 3747 475 3812 est,·
495 3737 588 3799 immo
610 3735 751 3799 inde'cum
773 3734 833 3797 illa
851 3733 1062 3796 admiratione
1080 3733 1178 3796 utitur
1195 3744 1347 3817 tanquam

258 3839 429 3902 testimonio
451 3863 511 3924 qno
533 3841 642 3905 doceat
663 3841 834 3920 audientes,
864 3863 943 3926 quae
971 3841 1071 3922 fuerit
1092 3839 1225 3924 Pompei
1241 3843 1274 3903 in
1299 3841 1345 3902 di·

258 3943 353 4008 cendo
373 3948 536 4031 prauitas,
568 3973 658 4012 saum
684 3949 783 4034 ipitnr
811 3950 914 4034 ipsine
941 3971 1002 4011 non
1031 3947 1171 4011 indicam
1197 3950 1346 4033 proponit

257 4052 409 4116 indiciam
432 4055 500 4138 ipse
523 4055 649 4120 Weteel
670 4056 719 4120 his
741 4055 819 4120 haec
840 4055 947 4120 addit:
975 4067 1075 4139 potest
1104 4054 1202 4140 ipitnr
1223 4058 1261 4132 is,
1291 4056 1349 4140 qai

258 4159 396 4245 loquitur
418 4160 456 4224 id
478 4163 562 4248 qaod
581 4188 597 4227 e
618 4165 749 4228 subiecti
764 4165 922 4249 primarii
939 4177 1036 4225 mente
1059 4159 1127 4226 de'ci
1146 4163 1272 4244 dederet,
1286 4188 1346 4248 pro

257 4292 315 4330 ena
337 4269 523 4354 capitatione
544 4274 717 4356 exprimere
744 4273 799 4349 ita,
834 4284 866 4333 ut
888 4270 923 4333 id
944 4285 1062 4355 tempus
1091 4283 1199 4354 ponat,
1228 4294 1287 4355 qno
1318 4273 1349 4334 si

257 4389 340 4440 recta
370 4389 445 4440 esset
475 4377 679 4460 interropatio
709 4391 853 4441 uteretur.
902 4375 1104 4460 Quamquam
1125 4375 1293 4452 Buechner
1315 4388 1347 4444 et
