3328 5218
692 555 887 652 A

246 765 365 839 turpem
386 777 515 818 causam
530 753 696 836 uideretur,
712 753 806 840 lapsus
818 753 1042 840 promulpaos't,
1058 766 1092 818 ut
1105 789 1147 800 -·
1160 753 1332 819 solvantur.

245 860 400 925 Videmus
429 884 579 945 praesens
611 864 765 927 enuntiati
798 862 976 926 secundarii
1009 860 1232 946 explicandum
1263 883 1333 926 esse

246 971 375 1054 propria
395 970 532 1056 quadam
551 971 685 1035 actionis
709 968 916 1034 secundariae
930 979 1046 1033 natura
1060 969 1237 1054 temporali,
1258 991 1334 1033 nam

246 1099 287 1140 ex
318 1077 430 1142 eodem
460 1077 558 1142 verbo
589 1079 715 1161 regenti
752 1076 870 1162 pendet
906 1078 1003 1140 etiam
1033 1077 1231 1141 enuntiatum
1262 1097 1333 1140 cum

247 1185 448 1249 coniunctivo
470 1185 657 1269 imperfecti.

327 1291 380 1356 Ex
400 1291 550 1358 Sallustio
571 1291 634 1356 huc
653 1291 856 1356 referendum
877 1301 941 1356 est:
974 1290 1052 1375 Jug.
1073 1291 1116 1354 24
1142 1291 1270 1375 invasit,
1299 1303 1333 1354 at

245 1399 366 1464 habeat.
410 1421 454 1465 or.
476 1399 591 1487 Lepidi
612 1404 633 1482 ξ
653 1400 682 1465 8.
725 1422 770 1464 or.
793 1398 933 1484 Philippi
954 1400 974 1479 ξ
997 1399 1044 1464 19.

326 1508 440 1572 Restat
460 1530 545 1572 nuno
565 1518 601 1573 ut
622 1508 774 1573 nonnulla
796 1507 899 1572 dicam
920 1506 959 1571 de
974 1507 1124 1592 perfectis
1139 1507 1332 1591 compositis.

246 1613 282 1681 Si
302 1616 387 1700 apud
409 1615 544 1679 eundem
565 1616 752 1700 scriptorem
773 1615 907 1699 legimus
929 1627 1117 1699 cmnpertum
1137 1626 1181 1678 ost
1202 1625 1234 1678 et
1254 1638 1332 1679 oom-

242 1735 365 1808 pertcm
394 1722 490 1786 dobeo
524 1721 601 1788 illud
636 1734 824 1808 compertum
860 1735 904 1786 est
939 1743 1038 1811 prope
1076 1721 1117 1785 ad
1157 1723 1333 1807 praesentis

245 1831 408 1894 notionem
435 1829 573 1913 accedit,
606 1828 698 1893 huius
731 1838 838 1894 autem
868 1830 914 1894 rei
946 1850 1075 1894 causam
1107 1850 1173 1892 non
1204 1839 1271 1893 tam
1300 1830 1333 1894 in

245 1937 399 2020 singulari
420 1936 558 2023 quadam
579 1947 611 2002 et
638 1937 768 2022 propria
793 1936 929 2022 perfecti
957 1946 1072 2001 natura
1099 1937 1236 2021 positam
1263 1958 1334 2002 esse

245 2054 339 2129 pute,
372 2066 468 2130 quam
506 2046 539 2109 in
570 2045 754 2130 participio,
786 2045 873 2108 cuius
910 2045 1007 2107 insita
1037 2043 1226 2127 significatio
1255 2054 1332 2109 tem·

245 2154 331 2238 poris
360 2154 488 2217 evanuit
518 2151 666 2238 quodque
694 2151 843 2217 adiectivi
871 2152 939 2216 fere
967 2153 1033 2216 vim
1061 2151 1167 2217 habet.
1210 2151 1334 2218 Tamen

234 2261 422 2326 cavendum
443 2271 492 2325 est
512 2283 553 2325 ne
573 2259 634 2324 hac
656 2259 835 2345 explicandi
863 2261 987 2325 ratione
1016 2261 1061 2324 ita
1089 2259 1266 2344 abutamur,
1297 2272 1333 2326 ut

244 2370 342 2434 nimio
377 2371 483 2435 omnia
519 2369 676 2455 aequandi
715 2369 820 2434 studio
860 2367 1072 2454 pulcherrima
1111 2368 1166 2432 illa
1204 2368 1333 2452 linguae

245 2477 278 2541 in
306 2479 431 2542 ratione
459 2478 627 2563 temporali
654 2478 861 2563 exprimenda
889 2478 1026 2542 varietas
1056 2478 1213 2559 deleatur,
1247 2476 1332 2562 quod

245 2585 283 2649 Ε.
305 2584 481 2648 Hoffmann
502 2586 617 2650 fecisse
637 2584 772 2668 videtur,
806 2587 856 2650 cui
877 2584 919 2649 ad
941 2583 1109 2650 solvendas
1131 2584 1332 2650 difficultates

245 2694 469 2776 grammaticas
492 2715 557 2757 non
577 2694 678 2758 solum
692 2692 869 2778 perfectum
883 2693 1097 2758 necessarium
1111 2702 1180 2756 erat
1193 2692 1334 2777 logicum

247 2799 304 2864 sed
326 2802 423 2866 etiam
444 2801 797 2886 plusquamperfectum.
839 2799 916 2876 dicit
948 2801 1033 2864 enim
1054 2800 1207 2885 Zeitpart.
1230 2822 1260 2885 p.
1285 2804 1332 2867 15.

139 2944 145 2961 ·
246 2907 349 2972 Odsar
367 2947 410 2954 —
430 2909 569 2974 uiolatae
591 2909 670 2973 acolt
692 2907 814 2974 Sallust
844 2907 911 2972 aad
931 2907 1046 2972 Livius
1072 2907 1128 2972 hat
1155 2909 1189 2972 ia
1210 2909 1333 2974 soledas

244 3014 358 3080 metten
380 3016 422 3100 (si
442 3018 542 3080 utitur
563 3016 873 3101 plusquamperfecto
894 3015 1015 3098 logico)
1048 3028 1118 3079 erat
1137 3014 1188 3079 als
1211 3016 1333 3102 Copula

191 3115 197 3129 ⁶
243 3124 333 3189 maist
353 3123 422 3188 deon
443 3123 587 3219 Portioep
608 3123 835 3209 voroapostell.
886 3123 949 3186 Die
978 3122 1170 3210 umpekodrte
1191 3121 1332 3208 Stellanq

242 3232 341 3314 findet
360 3231 426 3297 siclt
448 3255 532 3296 amar
553 3230 642 3314 auch,
664 3230 742 3295 doct
763 3229 874 3313 dttrfte
895 3231 961 3294 sich
982 3229 1161 3295 sckworls'od
1182 3231 1233 3295 afa
1255 3230 1332 3294 Fati

242 3339 360 3424 finden,
389 3362 436 3403 wo
465 3339 516 3403 ta·
539 3338 739 3403 emecachor
766 3338 872 3402 Natar
910 3336 972 3402 das
1003 3337 1234 3422 Halfsverbum
1262 3337 1331 3404 ἄστη
1452 3327 1456 3334 ’

245 3447 389 3532 Partt‘oa'p
411 3444 630 3532 corcapostcllt
650 3445 743 3511 wird.
784 3446 880 3510 Hanc
900 3445 1155 3510 observationem
1175 3455 1331 3530 quatenus

243 3565 331 3620 recta
352 3565 401 3620 est
422 3563 454 3620 et
475 3576 552 3619 vera
571 3556 617 3619 ita
638 3573 710 3617 cum
730 3563 841 3618 nostra
860 3554 1019 3618 sententia
1040 3555 1234 3638 coniungere
1258 3576 1330 3639 pos·

243 3685 359 3746 sumus,
381 3673 417 3728 ut
438 3663 579 3728 dicamus
601 3664 701 3728 multo
722 3663 845 3726 facilius
866 3661 945 3746 fieri,
966 3651 1003 3726 ut
1017 3663 1185 3748 participia
1200 3665 1234 3728 in
1251 3671 1329 3727 tem-

243 3771 373 3854 poribus
402 3771 583 3856 compositis
611 3769 653 3834 ad
673 3779 819 3835 naturam
846 3769 1076 3835 adiectivorum
1103 3771 1271 3854 accedant,
1302 3771 1330 3834 si

244 3899 281 3941 eo
303 3876 387 3962 quod
410 3879 523 3963 copula
551 3876 711 3942 antecedit
739 3876 843 3940 forma
871 3879 1024 3963 temporis
1045 3900 1110 3942 non
1131 3880 1176 3942 ita
1196 3900 1260 3942 una
1281 3887 1330 3942 est

244 3995 276 4050 et
297 3987 432 4070 integra,
455 3988 598 4072 quamsi
619 3988 731 4070 copula
751 3988 954 4072 perticipium
968 3988 1119 4072 sequitur,
1142 3987 1329 4070 praesertim

244 4093 280 4177 si,
309 4093 394 4178 quod
423 4117 518 4180 saepe
544 4093 589 4178 fit,
621 4095 733 4179 copula
760 4096 966 4180 apartieipio
995 4116 1058 4158 uno
1088 4095 1140 4158 vel
1169 4093 1327 4159 nonnullis

243 4200 405 4267 vocabulis
426 4213 474 4266 est
496 4212 674 4286 segregata.
