3328 5218
837 583 879 648 26

760 669 957 678 -ι-ῇ--ιμ-

400 781 514 868 Capite
535 782 735 847 antecedenti
760 804 798 847 ea
818 791 943 846 tantum
963 782 1082 867 protuli
1103 782 1250 868 exempla
1271 805 1405 868 quorum

314 889 491 974 perfectum
511 912 576 954 non
596 891 700 976 potuit
728 911 793 954 non
814 911 872 975 pro
894 889 1053 974 historice,
1084 891 1186 974 accipi
1214 913 1299 955 nuno
1327 914 1403 977 quo-

314 1000 401 1062 niam
423 997 689 1062 demonstravisse
716 1019 768 1062 me
797 1006 874 1082 puto
898 1018 990 1060 omne
1012 998 1191 1082 perfectum
1212 1007 1327 1062 natura
1346 1021 1405 1062 sua

315 1127 385 1170 esse
405 1105 590 1170 historicum
609 1105 732 1190 reliqua
753 1105 899 1190 exempla
920 1105 1081 1190 proferam
1102 1127 1233 1170 necesse
1254 1116 1304 1170 est
1322 1128 1404 1191 quae

314 1234 411 1298 supra
441 1214 551 1277 omisi:
582 1212 662 1297 Agr.
690 1213 739 1296 31,
768 1212 818 1276 21.
866 1211 976 1278 Germ.
1007 1213 1036 1296 5,
1067 1214 1094 1277 7.
1146 1213 1220 1279 hist.
1248 1213 1265 1278 I
1295 1215 1345 1298 37,
1375 1216 1402 1279 1.

314 1319 364 1384 IV
384 1321 434 1401 73,
452 1322 498 1386 13.
531 1343 604 1386 ann.
626 1321 725 1404 1171,
740 1322 769 1385 9.
798 1320 917 1407 11112,
941 1323 1069 1387 13-15.
1098 1321 1147 1386 IV
1164 1323 1215 1410 37,
1234 1323 1263 1388 9.
1284 1325 1335 1405 40,
1353 1322 1402 1389 32.

546 1515 605 1581 [v.
638 1516 684 1582 dc
713 1518 935 1602 praesenti
964 1516 1175 1582 historico.

393 1647 433 1712 In
454 1647 621 1712 tractanda
649 1659 830 1734 temporum
860 1651 1083 1714 consecutione
1106 1652 1342 1715 enuntiatorum
1363 1674 1403 1716 ex

193 1781 195 1786 ·
313 1759 474 1842 praesenti
500 1755 652 1820 historico
684 1756 891 1842 pendentium
920 1767 996 1822 ante
1025 1759 1132 1822 omnia
1161 1758 1333 1822 tenendum
1354 1769 1403 1822 est

313 1872 414 1928 totam
447 1863 529 1927 hanc
560 1885 627 1928 rem
660 1886 725 1929 non
755 1863 796 1928 ad
828 1867 1054 1949 grammaticas
1090 1875 1122 1930 et
1156 1866 1276 1950 logicas
1313 1888 1403 1930 revo-

314 1972 379 2034 cari
400 1993 494 2054 posse
514 1972 653 2054 regulas,
684 1971 740 2036 sed
761 1971 928 2037 rhetoricis
949 1981 985 2037 ut
1005 1973 1051 2036 ita
1078 1972 1181 2037 dicam
1211 1983 1243 2038 et
1269 1973 1402 2058 psycho-

313 2078 424 2161 logicis
446 2077 664 2142 illustrandam
686 2101 756 2143 esse
776 2078 970 2163 rationibus3
999 2080 1142 2166 quaestio
1171 2081 1256 2145 enim
1284 2103 1349 2145 non
1369 2083 1403 2145 in

313 2207 351 2250 eo
384 2195 530 2250 versatur
561 2195 667 2250 utrum
698 2188 942 2272 praeteritorum
970 2209 1011 2251 an
1042 2189 1258 2272 praesentium
1286 2188 1403 2253 habeat

315 2294 573 2358 consecutionem
604 2294 716 2358 sedin
738 2316 785 2378 eo,
813 2295 928 2380 quibus
957 2293 1016 2359 sub
1050 2295 1288 2360 condicionibus
1320 2319 1400 2360 unus

313 2399 434 2464 alterve
468 2401 604 2486 scriptor
636 2403 670 2464 in
706 2401 892 2466 secundario
930 2423 1057 2489 quoque
1095 2404 1258 2468 enuntiato
1294 2413 1402 2469 utatur

314 2508 476 2592 praesenti
496 2506 657 2574 historico.

399 2613 487 2693 Quas
508 2618 648 2681 rationes
672 2617 783 2682 Cicero
806 2619 839 2680 in
859 2617 921 2682 hac
939 2639 975 2682 rc
997 2619 1038 2684 sit
1060 2628 1194 2692 secutus,
1208 2619 1403 2702 investigare

313 2719 501 2788 studuerunt
509 2723 630 2789 Lieven
641 2727 664 2809 ¹)
679 2735 711 2790 et
728 2724 953 2790 Motschmann
965 2727 1001 2808 ²).
1031 2724 1095 2790 Hic
1108 2726 1185 2791 dicit
1203 2727 1400 2790 enuntiatum

313 2830 543 2915 secundarium,
565 2833 592 2895 si
613 2834 751 2918 positum
772 2833 814 2897 sit
835 2843 909 2917 post
931 2835 1089 2898 actionem
1103 2816 1296 2920 primariam,
1311 2857 1400 2919 prac-

313 2939 412 3001 sentis
432 2937 551 3005 habere
572 2941 836 3023 consecutionem,
859 2941 909 3004 sin
930 2962 1006 3006 vero
1027 2942 1206 3026 antecedat,
1228 2943 1400 3027 praeteriti.

314 3044 442 3110 Similes
465 3046 703 3111 observationes
725 3046 766 3112 de
786 3069 846 3111 usu
868 3057 900 3112 et
922 3049 1150 3114 consuetudine
1165 3049 1311 3115 Caesaris
1329 3071 1400 3134 pro·

312 3153 386 3217 tulit
397 3154 558 3218 Arnoldus
573 3153 651 3238 Hug
661 3155 697 3238 ⁸),
713 3155 767 3240 qui
782 3156 878 3221 etiam
889 3178 927 3221 ea
941 3158 1106 3221 enuntiata
1119 3156 1306 3247 sequndaria
1320 3179 1401 3243 quae

311 3259 518 3325 indicativum
545 3261 699 3347 praebent
728 3265 887 3328 tractavit.
931 3265 983 3329 De
1008 3265 1119 3330 eadem
1140 3289 1175 3330 re
1204 3267 1271 3350 egit
1299 3286 1401 3349 nuper

311 3367 555 3454 Heyna0h0r⁴)‚
579 3371 629 3434 cui
651 3392 724 3436 suas
746 3393 855 3435 rursus
878 3373 1027 3457 opposuit
1048 3374 1223 3438 sententias
1245 3372 1338 3456 idem,
1360 3373 1400 3436 de

312 3496 374 3560 quo
397 3477 634 3562 supradictum
656 3487 714 3561 cst,
737 3478 899 3543 Arnoldus
920 3479 1046 3564 Hugl).

381 3749 390 3781 ¹
420 3751 437 3804 l.
457 3767 478 3802 c.
517 3790 522 3802 .
541 3755 564 3804 6.

379 3751 402 3905 'l
420 3769 564 3890 maradian
582 3837 613 3890 ds
630 3846 772 3904 temporam
788 3839 962 3892 cmssccatioae
977 3837 1050 3905 apud
1062 3838 1205 3891 Οἰοσνωιωη
1222 3855 1299 3905 qaam
1315 3856 1399 3906 aspar

311 3923 427 3988 esposuit
445 3923 540 3976 Lacca
558 3925 679 3991 coemptis
696 3941 727 3976 aa
745 3925 904 3977 orationibus
924 3925 1052 3978 Oicaortis
1069 3925 1225 3991 depromptis
1242 3942 1329 3978 ceram
1345 3943 1398 3978 essa

235 4029 236 4034 ¹
310 4009 508 4062 demonstratur.
543 4013 627 4062 Jcnac
647 4013 721 4076 1875,
739 4028 764 4078 p.
784 4015 807 4064 9.

379 4094 401 4163 ⁸)
421 4097 506 4148 annu.
525 4097 589 4163 phil.
608 4099 720 4149 LXXXI
736 4115 761 4165 p.
781 4102 830 4150 877
849 4115 903 4164 sqq.

379 4181 401 4250 ⁴)
419 4183 578 4248 Hoynachcr
602 4183 660 4234 Wos
678 4184 770 4250 aqiett
787 4183 841 4236 sich
858 4201 906 4236 aas
924 4184 981 4236 dem
998 4183 1224 4251 spralqebrauca
1243 4185 1338 4237 Odsars
1363 4185 1398 4235 im

311 4267 403 4322 bellona
422 4267 568 4320 Gallicana?
587 4271 650 4320 1881
670 4286 693 4336 p.
713 4271 821 4321 46-51.

380 4353 402 4423 ⁵)
420 4354 506 4406 annal.
524 4354 589 4421 phil.
608 4355 704 4406 CXXV
721 4371 745 4422 p.
766 4360 908 4410 aar-286.
