3328 5218
814 616 853 683 61

734 705 929 714 ——m

379 842 405 884 c.
437 842 510 884 ann.
532 817 617 884 XVI
645 819 756 902 21,11
787 832 815 884 et
846 843 925 882 cum
959 818 1237 894 decernuntur
1267 835 1375 907 sponte

436 928 554 1007 absens,
576 915 645 990 non
659 927 860 1005 interfuerat.

379 1035 408 1099 d.
436 1035 509 1100 hist.
531 1033 585 1098 III
605 1034 634 1116 9,
656 1034 868 1119 4permuniit
889 1047 972 1098 tutus
994 1033 1068 1116 loca,
1090 1058 1160 1098 ωιτη
1179 1071 1221 1082 -
1241 1047 1373 1122 tepercn·

435 1156 494 1206 tur.
542 1141 655 1206 ann.I
685 1141 713 1225 7,
745 1140 783 1205 18
812 1141 907 1219 misit,
938 1165 1091 1227 nusquam
1128 1141 1373 1223 cunctabundus,

434 1250 501 1313 nisi
527 1273 596 1313 cum
627 1247 831 1334 loquerentur.
882 1246 934 1311 HI
955 1248 1047 1332 35,5
1079 1261 1142 1312 tum
1164 1248 1277 1313 audita
1307 1275 1372 1314 am-

437 1357 544 1420 borum
573 1355 676 1438 verba,
705 1355 857 1418 intensius
888 1369 1054 1419 eacusante
1083 1379 1114 1418 so
1141 1355 1274 1442 Lepido,
1303 1381 1372 1421 ωιτη

437 1461 610 1526 obtenderet
651 1461 943 1547 intellepereturque.
1006 1460 1054 1525 lv
1085 1462 1135 1545 29,
1172 1466 1186 1526 l
1223 1465 1373 1543 nominat,

435 1593 547 1657 mapno
575 1567 697 1653 pudore
721 1567 876 1648 Caesares,
903 1592 971 1632 cum
999 1583 1236 1634 accerserentur.
1286 1569 1373 1636 XIH

439 1676 485 1760 13,
509 1677 547 1740 19
575 1677 727 1762 misitque,
757 1675 849 1740 nulla
876 1677 1075 1762 parsimonia
1082 1725 1092 1755 ,
1127 1700 1194 1742 cum
1227 1677 1372 1763 deferret,

435 1784 549 1848 sed...
592 1782 657 1846 XV
678 1785 707 1865 4,
726 1782 763 1847 12
786 1782 954 1866 Adiabeni,
977 1807 1043 1848 cum
1062 1808 1243 1869 promovero
1256 1833 1262 1847 .
1274 1833 1301 1850 ..
1324 1787 1372 1850 in-

436 1892 581 1977 ciperent,
609 1889 710 1973 facile
737 1889 860 1953 detrusi
886 1913 960 1954 mou
988 1889 1170 1954 caeduntur.
1212 1893 1305 1976 55st
1335 1907 1372 1972 et,

434 2021 502 2062 cum
525 2010 691 2080 arceretur,
713 1995 845 2079 adferre
867 1997 1027 2080 dictitans,
1049 1996 1144 2062 docet.
1186 1999 1236 2082 57,
1259 2000 1299 2065 10
1320 2023 1371 2086 ωι-

433 2107 557 2191 pressit,
579 2104 714 2168 clariore
734 2104 873 2189 eccemplo
883 2104 1083 2191 protependo,
1107 2129 1175 2169 cum
1195 2106 1370 2192 proderent.

433 2213 507 2278 hist.
528 2209 564 2277 Π
585 2212 635 2294 30,
659 2213 697 2276 15
718 2211 835 2295 fouere,
858 2213 956 2276 crebis
970 2213 1111 2298 epistolis
1120 2213 1241 2299 probra
1258 2213 1376 2279 Otboni

436 2323 628 2399 obiectantes,
656 2344 726 2385 ωιτη
747 2318 840 2400 duces
863 2321 1005 2406 partium
1033 2319 1162 2385 Otbonis
1190 2335 1371 2386 astruerent.
1400 2321 1402 2327 ’

434 2451 507 2493 ann.
539 2427 557 2492 I
583 2429 612 2509 2,
636 2429 653 2492 7
686 2427 817 2506 trabere,
847 2427 935 2491 nullo
966 2426 1169 2510 aduersante,
1201 2453 1269 2494 cum
1297 2431 1371 2494 ceci-

435 2539 561 2616 dissent,
584 2536 812 2614 eutollerentur,
834 2535 972 2599 mallent.
1014 2534 1050 2599 Π
1069 2534 1119 2618 29,
1134 2535 1155 2600 3
1173 2560 1296 2622 ponere,
1318 2536 1371 2600 ab·

435 2644 598 2708 ruentibus
619 2644 747 2723 cunctis,
769 2667 837 2707 cum
855 2642 1101 2728 praetenderent.
1144 2644 1224 2728 Agr.
1243 2645 1292 2729 25,
1307 2645 1371 2710 5.6

435 2753 625 2838 sequebatur,
655 2752 777 2837 apr-epia
803 2752 913 2836 specie,
942 2775 1011 2814 curn
1038 2751 1255 2835 impelleretur.
1282 2751 1370 2816 hist.

435 2859 483 2925 lV
506 2861 554 2943 78,
575 2860 597 2922 4
618 2875 672 2923 n'eo
691 2871 830 2944 poterat,
858 2856 1096 2943 impedientibus
1124 2860 1273 2936 tentoriis,
1302 2883 1371 2923 cum

437 3007 473 3015 -
493 2981 697 3054 pupnaretur.
740 2988 813 3030 ann.
834 2965 902 3048 18,
923 2966 962 3028 27
991 2979 1173 3050 acceperant
1288 2964 1370 3030 duem

434 3075 587 3140 libertatis
601 3076 793 3160 improspere
807 3075 964 3160 repetitae,
981 3097 1050 3138 oum
1064 3072 1230 3138 videretur.
1267 3075 1316 3157 74,
1332 3077 1368 3138 ll

434 3184 619 3265 simulabat,
654 3181 834 3247 inevitabile
863 3173 995 3260 crimen,
1035 3206 1104 3246 ωιτη
1137 3181 1283 3270 deliperet
1320 3183 1368 3247 ob·

433 3293 624 3376 iectaretquc
667 3289 720 3354 HI
742 3290 790 3374 14,
811 3290 832 3354 5
850 3290 1036 3372 firmabant,
1063 3291 1097 3353 in
1125 3292 1264 3354 convicia
1293 3290 1367 3354 Gor·

433 3400 567 3479 manici,
599 3422 667 3463 cum
702 3393 919 3476 discumberet,
951 3413 1121 3482 arpuentes.
1171 3412 1238 3461 erat
1266 3398 1369 3462 Iulius

436 3506 600 3592 Pelipnus,
637 3503 773 3568 Claudia
804 3527 959 3590 perquam
992 3504 1188 3588 familiaris,
1222 3528 1289 3569 ωιτη
1319 3506 1368 3569 ob·

435 3614 568 3678 lactaret.
619 3610 689 3675 XII
718 3613 766 3696 17,
793 3613 814 3676 6
844 3625 940 3676 metus
968 3613 1076 3676 ceteris
1111 3613 1250 3695 iniectus,
1289 3613 1371 3676 nibil

433 3735 530 3784 tutum
546 3722 636 3799 ratis,
659 3744 727 3784 cum
740 3733 1022 3805 perrumperentur.
1049 3719 1103 3802 Δ40,
1127 3718 1164 3783 10
1176 3722 1369 3805 praecipuus

441 3829 598 3909 Venutius,
617 3827 711 3908 sidus,
734 3827 892 3910 defensus,
915 3851 982 3892 cum
1005 3840 1123 3890 teneret.

374 3959 400 4001 e.
432 3957 505 4001 ann.
525 3934 613 3998 ΧΙΠ
629 3935 874 4020 56,16quorum
891 3937 983 3998 terris
1001 3934 1113 4016 ecacti,
1131 3957 1199 3998 cum
1211 3935 1368 4019 petissent,

433 4068 535 4108 errore
558 4044 648 4129 lonpo
669 4043 804 4128 hospites
825 4044 914 4129 epeni
930 4080 972 4088 —
993 4042 1174 4106 caeduntur.

373 4152 395 4215 f.
431 4173 504 4215 ann.
526 4150 561 4214 Π
582 4150 632 4233 38,
659 4150 695 4215 10
716 4152 898 4237 efflapitatio
920 4164 972 4230 est,
995 4173 1063 4214 ωιτη
1077 4133 1282 4228 concurrerint,
1297 4172 1365 4212 can·

434 4282 566 4344 surpere.

730 4419 924 4428 ——nn-a.
