3328 5218
682 623 878 720 *ua—

239 833 341 909 patur‚
370 834 407 889 ut
427 823 585 908 significet
615 824 734 910 aliquid
756 825 840 911 quod
861 825 903 891 ad
924 847 1017 892 omne
1038 836 1162 912 tempus
1185 837 1319 912 spectet.

238 931 382 997 absolute
402 934 501 1015 igitur
522 934 689 996 coniuncta
710 942 759 997 est
784 935 867 998 actio
896 933 1083 999 secundaria
1105 957 1175 999 cum
1196 937 1321 1001 actione

238 1041 403 1124 primaria,
431 1041 459 1102 si
480 1050 639 1125 tempus
661 1050 856 1126 spectamus3
887 1043 1019 1107 relative
1040 1053 1123 1106 esset
1143 1044 1321 1127 coniuncta,

239 1147 275 1230 si,
297 1155 333 1210 ut
355 1147 534 1232 exemplum
555 1147 707 1232 adferam,
731 1147 842 1213 Cicero
865 1171 895 1234 p.
906 1149 1000 1213 Rosc.
1016 1149 1089 1214 Am.
1099 1150 1149 1234 40,
1164 1152 1222 1215 116
1237 1173 1321 1214 non:

238 1253 284 1318 ud
304 1255 392 1319 cuius
404 1254 503 1339 fidem
534 1253 694 1341 consopiret
722 1255 761 1339 ia,
789 1279 858 1320 cum
884 1255 1022 1320 laeditur
1050 1259 1236 1342 scripsisset,
1265 1257 1322 1322 sed

237 1384 306 1425 cum
327 1361 476 1426 laedetur.
504 1361 545 1426 In
566 1361 712 1425 omnibus
733 1363 805 1445 illis,
826 1384 908 1448 quae
925 1362 1098 1428 Hoffmann
1116 1365 1321 1448 enumeravit,

238 1469 390 1554 exemplis
411 1471 493 1534 ratio
515 1470 698 1554 temporalis
730 1492 829 1555 prope
857 1471 979 1535 accedit
1004 1471 1045 1536 ad
1071 1472 1227 1537 rationem
1248 1493 1321 1536 con-

238 1575 434 1642 dicionalem.
478 1577 678 1663 Quamquam
708 1578 807 1661 igitur
832 1579 865 1641 in
892 1577 941 1641 his
968 1578 1120 1664 exemplis
1141 1580 1221 1643 ratio
1243 1588 1321 1643 tem·

237 1685 354 1768 poralis
374 1708 439 1749 non
460 1689 587 1769 integra
608 1695 656 1750 est
679 1695 711 1750 et
732 1707 826 1771 pura,
857 1695 964 1750 tamen
993 1685 1199 1751 indicativum
1225 1687 1320 1752 habe·

235 1813 316 1876 mus,
340 1795 414 1878 quia
435 1794 468 1857 in
490 1794 662 1858 enuntiatis
681 1793 948 1856 condicionalibus
969 1793 1063 1858 simili
1080 1795 1204 1858 ratione
1225 1816 1320 1879 quam

237 1901 270 1962 in
292 1902 465 1965 enuntiatis
487 1924 507 1966 a
528 1901 683 1987 particula
713 1924 780 1965 cam
813 1901 1036 1984 incipientibus
1065 1923 1214 1987 moreque
1242 1912 1320 1966 tem·

236 2008 397 2091 poralibus
436 2011 518 2074 actio
558 2009 746 2074 secundaria
782 2010 900 2072 actioni
936 2009 1104 2093 primariae
1137 2008 1321 2073 coordinata

236 2116 341 2199 potius
363 2125 411 2180 est
433 2138 527 2202 quam
548 2116 764 2181 subordinate.

317 2247 347 2310 b.
377 2270 504 2333 praes.
527 2286 567 2296 -
589 2249 710 2313 futur.
754 2248 942 2332 (Hoffmann
963 2271 993 2334 p.
1015 2249 1162 2332 67-69.)
1209 2249 1250 2314 In
1270 2249 1319 2314 his

236 2355 388 2441 exemplis
425 2359 622 2421 enuntiatum
654 2358 837 2442 primarium
867 2359 913 2421 110
944 2368 1158 2443 comparatum
1188 2368 1254 2441 cst,
1285 2368 1320 2422 ut

235 2461 276 2525 ad
302 2484 400 2526 unum
431 2464 578 2550 quodque
609 2473 734 2548 tempus
767 2459 915 2549 spectet
952 2451 1192 2543 Quodammodo
1222 2467 1320 2547 igitur

235 2568 380 2633 absoluta
401 2580 450 2635 est
471 2573 554 2635 actio
577 2572 727 2657 primaria
745 2572 779 2634 in
800 2581 979 2656 temporum
996 2574 1119 2637 ratione
1140 2572 1180 2636 ab
1195 2569 1342 2636 actione

235 2676 435 2761 secundaria3
465 2677 526 2742 hoc
558 2680 641 2744 enim
672 2701 710 2742 ea
731 2677 770 2743 de
792 2700 887 2743 eausa
908 2677 1013 2743 dicere
1033 2701 1217 2765 possumus,
1246 2681 1320 2766 quia

236 2784 270 2847 in
292 2787 465 2849 enuntiatis
487 2808 507 2850 a
527 2787 683 2871 particula
697 2809 765 2850 cum
779 2785 1003 2872 incipientibus
1018 2808 1099 2872 quae
1113 2787 1320 2856 indicativum

235 2892 389 2976 praebent
422 2895 505 2958 actio
533 2893 721 2958 secundaria
745 2893 829 2957 idem
850 2894 936 2958 valet
962 2893 1046 2979 quod
1067 2895 1149 2957 actio
1171 2896 1321 2979 primaria

233 2999 288 3082 ita,
309 3009 345 3063 ut
366 3002 550 3086 saepissime
571 3002 654 3065 inter
675 3022 709 3064 se
729 3002 846 3063 mutari
867 3003 996 3086 possint.

317 3154 343 3196 c.
375 3131 473 3216 perf.
495 3130 586 3196 hist.
608 3169 650 3178 —
670 3153 795 3216 praes.
817 3130 911 3196 hist.
934 3131 979 3217 (p.
1001 3131 1064 3216 70.)
1101 3131 1141 3196 In
1161 3131 1221 3196 hoc
1241 3142 1319 3196 tem-

234 3259 348 3322 porum
369 3239 552 3303 discrimine
578 3261 616 3304 00
637 3237 676 3303 do
698 3261 791 3303 causa
807 3221 1035 3303 ‘offendendum
1062 3260 1127 3302 non
1157 3248 1215 3321 est,
1246 3240 1321 3324 quia

234 3368 335 3430 praes.
357 3344 430 3409 hist.
453 3344 538 3409 idem
559 3347 644 3410 valet
672 3368 709 3409 00
730 3347 944 3432 praeteritum.
996 3346 1028 3410 N
1031 3369 1070 3410 on
1092 3346 1242 3429 intellego
1265 3369 1320 3435 cur

235 3452 411 3516 Hoffmann
433 3451 473 3516 de
495 3451 561 3517 Cic.
585 3452 654 3518 Cat.
677 3475 720 3517 m.
742 3453 830 3535 4,11
857 3453 1023 3516 Tarentum
1056 3477 1126 3517 vcro
1154 3477 1215 3538 qua
1240 3455 1318 3540 ospi-

235 3559 338 3624 lautia
368 3562 492 3645 recepit,
519 3584 587 3624 cum
685 3562 788 3645 iuquit
810 3609 836 3624 ..
866 3570 931 3624 tam
960 3561 1059 3636 multa
1085 3559 1185 3650 rerba
1212 3559 1318 3643 faciat,

234 3687 309 3729 nam
328 3669 443 3752 recepit
463 3688 520 3752 pro
542 3668 645 3752 logico
667 3667 810 3753 perfecto
832 3667 1015 3760 habendum
1036 3689 1100 3731 non
1122 3677 1178 3732 est.

316 3797 345 3862 d.
373 3799 472 3883 perf.
494 3799 587 3864 hist.
616 3836 659 3846 —-
687 3821 819 3885 praes.
842 3821 973 3884 praes.
1017 3800 1111 3863 Actio
1133 3799 1320 3864 secundaria

234 3905 285 3969 vel
306 3905 346 3969 ad
370 3928 464 3972 omne
485 3917 609 3992 tempus
630 3907 742 3972 referii
764 3916 879 3992 potest,
909 3899 960 3971 vel
988 3928 1137 3993 praesens
1160 3908 1318 3993 explican-

188 4097 191 4104 .
235 4011 310 4075 dum
331 4022 380 4076 est
402 4035 442 4077 ex
464 4014 628 4078 alacritate
648 4014 843 4098 elocutionis,
866 4015 921 4098 ita,
943 4023 978 4077 ut
1000 4012 1040 4077 ad
1061 4023 1208 4078 naturam
1228 4036 1318 4099 prae-

233 4121 332 4182 sentis
360 4120 490 4184 accedat
520 4121 671 4184 historici.
714 4122 903 4186 Accuratius
933 4121 1091 4205 explicare
1121 4122 1206 4184 hunc
1226 4142 1318 4184 usum

233 4247 298 4289 non
318 4248 495 4312 possumus,
517 4230 591 4312 qnia
612 4230 673 4293 tria
694 4239 819 4293 tantum
840 4228 991 4292 habemns
1007 4228 1162 4313 exempla,
1184 4249 1317 4313 quorum

231 4332 293 4397 duo
316 4334 443 4419 quidem
465 4333 576 4418 (Verg.
599 4334 719 4419 Georg.
740 4336 847 4400 1287.
890 4333 1037 4419 111457)
1070 4337 1115 4399 110
1136 4345 1319 4420 comparata

1104 4446 1121 4489 4
