3328 5218
600 1944 806 2027 Particula
830 1944 967 2048 primu.

324 2243 396 2308 Hac
417 2243 648 2308 dissertationis
670 2244 827 2328 particula
848 2244 1086 2308 examinaturus
1108 2264 1187 2327 sum,
1219 2243 1333 2328 quibus

160 2371 163 2378 ’
242 2353 419 2416 rationibus
441 2350 562 2414 factum
585 2351 635 2428 sit,
658 2360 693 2415 ut
711 2350 795 2436 apud
807 2350 955 2414 Tacitum
970 2352 1207 2414 enuntiatorum
1222 2373 1333 2414 secun·

244 2459 404 2522 dariorum
433 2481 509 2522 usus
539 2481 577 2522 ac
603 2481 753 2524 numerus
782 2481 847 2523 non
873 2469 939 2524 tam
970 2459 1121 2544 frequens
1148 2459 1206 2543 sit,
1238 2480 1334 2544 quam

243 2565 327 2651 apud
350 2566 428 2630 alios
450 2566 631 2651 scriptores.

326 2673 367 2736 A.
396 2674 500 2758 prima
528 2696 623 2738 causa
652 2675 756 2759 posita
785 2683 834 2739 est
862 2675 896 2737 in
925 2673 1030 2738 Taciti
1059 2673 1165 2738 studio
1194 2674 1335 2739 breviter

242 2780 403 2865 loquendi.

326 2887 399 2966 Quo
429 2889 555 2974 saepius
585 2889 669 2953 enim
690 2888 821 2953 Tacitus
848 2890 1018 2976 participia
1037 2889 1259 2976 ablativosque
1279 2889 1334 2954 ab·
1424 2879 1429 2889 ’

243 2995 364 3060 solutos
400 2997 446 3059 ita
477 3006 626 3082 usurpat,
655 3006 691 3061 ut
725 2997 960 3061 enuntiatorum
992 2998 1230 3083 temporalium,
1261 3020 1333 3061 con·

244 3102 456 3185 dicionalium,
478 3103 762 3186 adversativorum,
784 3103 966 3187 modalium,
982 3105 1155 3169 causalium
1172 3105 1243 3169 vice
1263 3104 1334 3168 fun·

243 3219 371 3294 gantur,
404 3232 441 3274 eo
474 3211 578 3273 minus
612 3210 762 3296 frequens
792 3221 839 3274 est
871 3232 1021 3275 numerus
1054 3233 1192 3297 ususque
1223 3212 1335 3276 talium

245 3319 490 3382 enuntiatorum.
540 3317 706 3382 Habemus
728 3319 827 3402 igitur
847 3321 1005 3384 rationem
1027 3320 1187 3405 quandam
1208 3331 1333 3385 senten·

243 3427 305 3490 tias
334 3426 564 3511 enuntiataque
593 3426 797 3510 decurtandi,
829 3428 917 3492 cuius
949 3429 1095 3512 exempla
1126 3428 1259 3493 collecta
1287 3429 1333 3491 in·

243 3533 388 3597 venimus
410 3534 495 3619 apud
516 3534 678 3599 Helmium
700 3545 823 3620 quaest.
846 3545 930 3620 synt.
953 3558 983 3621 p.
1006 3537 1158 3602 88-111.

326 3639 352 3704 I.
375 3641 450 3705 Duo
465 3641 612 3706 addenda
627 3664 697 3706 esse
707 3643 856 3707 videntur
871 3643 945 3706 huic
959 3645 1043 3728 parti
1057 3645 1333 3709 commentationis

242 3747 442 3813 Helmianae.
473 3750 523 3814 Ac
541 3751 678 3836 primum
696 3751 824 3836 quidem
843 3773 957 3815 vereor
978 3773 1019 3816 ne
1041 3751 1138 3816 Helm
1159 3753 1254 3815 nimis
1278 3773 1332 3814 au·

244 3855 354 3920 dacter
384 3858 531 3942 exempla
562 3880 619 3943 per
649 3859 776 3942 singula
807 3860 1043 3924 enuntiatorum
1074 3881 1194 3944 genera
1228 3859 1333 3923 distri·

243 3963 356 4028 buerit.
419 3963 498 4042 Quis
538 3966 622 4028 enim
661 3965 828 4049 diiudicet,
869 3988 1026 4051 quaenam
1068 3968 1156 4031 notio
1197 3967 1230 4030 in
1268 3989 1332 4031 uno

243 4071 385 4137 alterove
413 4074 557 4157 exemplo
584 4074 626 4137 sit
646 4074 767 4158 potior,
796 4083 903 4137 utrum
934 4074 1085 4158 causalis,
1119 4096 1161 4138 an
1188 4074 1332 4158 modalis,

243 4201 285 4243 an
314 4179 548 4262 condicionalis,
569 4192 605 4245 ut
625 4203 718 4246 nemo
740 4203 808 4245 rem
830 4181 900 4268 sibi,
912 4183 1004 4246 aliter
1024 4180 1147 4265 fingere
1169 4182 1291 4267 queat?

326 4289 453 4354 Deinde
490 4287 602 4373 Helm,
647 4311 718 4353 cum
763 4290 796 4352 in
838 4288 1025 4372 colligendis
1065 4288 1219 4373 exemplis
1259 4309 1331 4374 pro·

244 4397 346 4462 fectus
375 4399 417 4461 sit
448 4418 488 4461 ex
516 4397 756 4483 participiorum
788 4417 848 4459 usu
876 4395 1085 4479 observando,
1121 4417 1159 4460 ea
1187 4395 1333 4480 exempla

1121 4505 1132 4550 1
