3328 5218
815 559 857 624 22

741 648 936 656 ..--.-——--

297 764 434 846 faciunt,
464 761 520 827 ssd
549 762 717 826 statuimus
747 761 905 824 actionem
926 756 1160 840 secundariam,
1189 779 1270 843 quae
1290 780 1380 843 prae-

297 872 383 936 teriti
404 878 452 935 est
474 870 643 954 temporis,
677 867 827 950 coniungi
858 887 952 952 posse
981 888 1052 929 aum
1080 867 1205 930 actione
1233 867 1383 950 primaria

297 1000 379 1063 quae
420 979 572 1061 temporis
615 985 663 1040 est
705 975 881 1059 praesentis
925 975 951 1039 si
994 995 1058 1037 non
1099 975 1223 1037 ratione
1261 983 1381 1058 tempo-

295 1106 366 1149 rum
393 1085 543 1168 relativa,
573 1093 606 1147 at
628 1091 714 1147 aerte
735 1081 882 1147 absoluta
908 1083 967 1165 ita,
999 1090 1035 1145 ut
1057 1081 1256 1144 coniunctius
1280 1082 1381 1166 expri-

296 1201 401 1257 matur
421 1191 564 1276 perfecti.

576 1381 637 1446 III.
671 1381 716 1445 de
737 1381 927 1467 perfeeto
948 1381 1095 1466 logica

379 1515 527 1578 Perfecto
562 1514 666 1598 logica
706 1513 908 1597 grammatici
950 1514 1040 1599 quasi
1076 1513 1213 1598 quodam
1249 1513 1308 1578 deo
1344 1535 1383 1578 ex

296 1621 443 1687 maehina
464 1630 597 1686 utuntur
629 1620 669 1685 ad
699 1621 922 1706 explicandum
943 1621 1178 1685 coniunctivum
1208 1622 1384 1706 praesentis

297 1732 330 1793 in
352 1729 523 1794 enuntiatis
545 1727 739 1793 secundariis
763 1750 802 1792 ex
823 1727 973 1812 perfectis
995 1728 1216 1813 pendentibus.
1259 1727 1383 1792 Lieven

296 1838 381 1903 huna
402 1859 492 1901 usum
514 1859 552 1901 ea
571 1837 696 1901 ratione
717 1836 863 1923 explieat,
890 1847 926 1900 ut
955 1837 1117 1923 propriam
1137 1836 1271 1921 perfecti
1292 1845 1382 1900 natu·

297 1967 367 2010 ram
394 1946 555 2028 integram
581 1945 702 2008 servari
730 1943 823 2008 dieat.
875 1943 960 2010 Nam
985 1945 1066 2008 siin
1088 1947 1382 2010 enuntiatoseaun-

298 2052 385 2116 dario
422 2052 641 2116 coniunctivus
680 2052 857 2137 praesentis
893 2061 1046 2137 sequatur
1079 2053 1271 2138 perfectum,
1306 2055 1382 2120 illud

298 2161 497 2225 enuntiatum
518 2158 739 2223 secundarium
761 2158 901 2243 pendere
921 2181 986 2223 non
1006 2181 1045 2224 ax
1065 2160 1206 2245 perfecto
1229 2164 1384 2228 enuntiati

297 2268 438 2353 primarii
454 2275 555 2353 putat,
577 2265 633 2330 sed
648 2288 688 2329 ex
705 2266 865 2350 praesenti
881 2265 1019 2352 quodam
1040 2266 1125 2352 quod
1144 2269 1293 2332 omissum
1311 2270 1383 2334 sub·

297 2373 489 2440 audiendum
523 2372 755 2459 quodammado
793 2375 833 2439 sit
868 2374 927 2438 sub
957 2374 1055 2438 verbo
1083 2377 1225 2461 regenti,
1255 2399 1304 2441 ex.
1334 2399 1382 2462 gr.

298 2480 419 2562 audim',
441 2481 520 2568 qaid
540 2483 580 2545 sit
601 2509 640 2537 =
661 2481 769 2546 audivi
791 2483 919 2566 scioque
941 2481 1017 2566 quid
1039 2482 1088 2547 sit.
1142 2481 1207 2549 Sed
1227 2483 1288 2548 hac
1308 2486 1383 2548 arti-

297 2591 494 2657 ficiosissima
514 2588 694 2675 explicandi
714 2589 838 2654 ratione
859 2611 938 2675 opus
959 2612 1025 2654 non
1046 2601 1112 2674 est,
1142 2613 1213 2654 eum
1235 2593 1331 2656 etiam
1352 2593 1385 2655 in

297 2699 413 2764 haere
434 2699 572 2784 speciem
592 2696 753 2782 quandam
772 2698 904 2763 rationis
925 2709 1104 2784 temporum
1127 2699 1299 2764 habeamus
1331 2699 1384 2764 ab·

298 2806 428 2889 solutae,
449 2827 525 2870 nam
547 2806 717 2870 coniuncta
746 2815 795 2870 est
825 2807 908 2871 aetio
937 2809 1102 2891 praeteriti
1131 2809 1282 2893 temporis
1315 2829 1386 2871 aum

298 2915 423 2978 actione
444 2914 602 2999 temporis
623 2914 810 3000 praesentis.

379 3021 537 3106 Exempla
557 3019 690 3085 Tacitea
710 3019 789 3085 haec
811 3030 904 3086 sunt:
927 3020 1000 3086 hist.
1022 3021 1040 3086 1
1064 3023 1110 3106 15,
1130 3023 1158 3086 7.
1200 3021 1249 3087 IV
1264 3023 1313 3106 66,
1337 3022 1384 3086 10.

296 3128 328 3193 V
348 3129 379 3214 5,
408 3130 428 3193 9
458 3129 614 3216 panstalia
641 3128 862 3194 circumcidere
892 3129 1113 3208 institueram,
1145 3141 1179 3194 ιιι
1206 3143 1390 3194 noscantur.

298 3238 330 3302 h.
353 3259 379 3301 e.
401 3237 429 3300 is
453 3237 507 3322 qui
535 3235 620 3300 hunc
648 3258 740 3302 usum
770 3237 845 3300 olim
866 3237 1004 3301 instituit
1034 3236 1143 3320 voluit,
1169 3247 1206 3302 ut
1234 3258 1298 3301 non
1328 3260 1385 3302 suo

299 3354 589 3430 tantumtempora
611 3344 667 3409 sed
690 3347 939 3430 omnitempore
972 3355 1198 3429 noscerentur3
1231 3347 1386 3411 rationem

298 3463 476 3539 temporum
507 3452 674 3516 relativam
706 3451 860 3517 habemus
891 3453 925 3515 in
957 3453 1101 3538 exemplo
1134 3452 1281 3518 Caesaris
1314 3454 1387 3518 huie

298 3570 408 3625 nostro
437 3558 611 3644 simillim03
651 3559 682 3624 b.
705 3581 736 3644 g.
758 3558 811 3624 ΙΠ
834 3561 861 3644 l,
885 3560 924 3625 10
953 3574 1045 3647 atqua
1064 3562 1100 3626 ιίι
1121 3584 1241 3636 samse
1262 3585 1385 3626 consae-

300 3668 438 3733 tadr'aem
459 3666 671 3746 addameruat,
693 3681 726 3732 ιιι
755 3705 794 3715 -
823 3667 977 3748 haberem,
1007 3667 1199 3733 lavarentur.
1241 3670 1281 3734 af.
1308 3670 1385 3735 Tae.

298 3797 371 3840 ann.
388 3773 473 3840 XIV
490 3775 531 3840 64
551 3775 798 3857 memoravimus,
819 3789 854 3840 ιιι
874 3775 1007 3841 habeam
1029 3786 1062 3841 et
1081 3797 1154 3841 ann.
1173 3776 1208 3841 H
1222 3778 1262 3841 32
1283 3777 1385 3858 retuli,

300 3897 333 3949 ut
354 3885 493 3949 sciretur.
516 3921 556 3932 -
577 3885 639 3948 alia
660 3886 805 3971 exempla
827 3894 918 3950 sunt:
941 3884 1013 3950 hist.
1034 3885 1052 3949 I
1078 3888 1123 3971 16,
1138 3888 1168 3951 3.
1210 3909 1284 3951 ann.
1302 3885 1386 3951 XIV

300 3992 351 4076 53,
374 3993 403 4056 6.
427 3993 475 4057 17.
503 3991 640 4076 XV41,
661 3992 708 4056 12.

381 4098 479 4184 Apud
512 4099 731 4164 Caesarem
765 4119 863 4163 unum
898 4109 1023 4164 tantum
1058 4103 1237 4186 exemplum
1267 4102 1385 4185 inveni,

301 4206 387 4291 quod
408 4218 515 4272 tamen
535 4208 674 4272 maxims
695 4206 844 4271 idoneum
865 4209 907 4271 sit
927 4206 1180 4294 adprobandum
1195 4209 1386 4273 sententiam

301 4335 422 4399 meam,
455 4315 590 4400 legimus
623 4318 708 4379 enim
737 4314 769 4380 b.
792 4337 818 4379 e.
847 4313 901 4378 ΠΙ
928 4315 970 4380 20
1003 4338 1041 4379 ιιι
1063 4316 1197 4400 frustra
1228 4317 1387 4404 impressus
