3328 5218
873 615 914 680 34

798 704 993 711 ————a

351 816 598 902 quamperfeetu,
627 815 741 900 quibus
763 817 940 880 accuratius
970 813 1168 879 describatur
1196 834 1257 898 quo
1289 812 1384 878 modo
1407 834 1441 878 se

350 924 467 989 habeat
482 924 523 988 ad
545 934 671 1008 tempus
694 924 849 987 enuntiati
871 923 1022 1007 primarii,
1044 920 1100 986 sed
1115 921 1257 1006 perfecto
1274 943 1336 1007 quo
1352 923 1440 986 11111

350 1033 513 1117 praeteriti
543 1032 730 1116 exprimitur
759 1032 863 1115 magis
886 1040 1042 1116 quatenus
1063 1030 1104 1094 ad
1126 1039 1252 1115 tempus
1281 1029 1440 1115 loquentis

350 1150 481 1226 spectet.
1182 1127 1185 1134 ’

431 1247 472 1312 In
494 1249 667 1314 enuntiatis
687 1247 829 1312 relativis
852 1268 924 1311 cum
946 1247 1148 1312 coniunctius
1169 1245 1323 1311 habemus
1344 1247 1440 1311 ratio·

348 1377 423 1420 nem
443 1355 623 1421 absolutam
1313 1429 1315 1432 ¹

430 1486 459 1528 a.
495 1465 523 1528 si
544 1464 764 1527 coniunctivae
786 1461 920 1549 perfecti
941 1463 974 1525 in
999 1462 1163 1526 enuntiato
1178 1461 1365 1527 secundario
1381 1471 1439 1526 cst.

498 1571 629 1636 1111111.
651 1570 669 1634 Ι
691 1571 739 1654 15,
764 1571 810 1636 18.
843 1568 1140 1653 110,11.3t,10.
1173 1568 1246 1635 hist.
1269 1569 1322 1634 ΙΠ
1344 1570 1438 1655 111.

499 1679 686 1762 ann.H88,
702 1677 748 1742 13.
791 1676 1008 1758 11111124,
1030 1678 1059 1742 6.

431 1787 461 1850 b.
498 1788 524 1850 si
547 1787 766 1850 coniunctivus
788 1785 987 1869 praesentis:
1009 1807 1083 1849 ann.
1103 1784 1188 1849 XVI
1205 1785 1246 1850 35
1266 1786 1301 1849 iu
1315 1807 1352 1848 ca
1367 1798 1437 1849 tem·

491 1917 576 1980 pora
596 1906 690 1958 nutus
711 1915 751 1976 eo,
773 1893 808 1957 ia
830 1893 942 1978 quibua
954 1892 1091 1978 firmare
1112 1891 1269 1978 cupediot.

347 2001 421 2064 Huc
456 2003 594 2086 pertinet
629 2001 726 2065 etiam
758 2000 799 2065 de
833 1999 906 2065 hist.
938 1998 1020 2064 Ill
1056 2003 1232 2088 Aeqyptum
1270 1999 1438 2087 copiasque

347 2111 459 2196 qut‘bus
480 2122 667 2174 coerceretur
688 2109 754 2174 ium
774 2108 849 2173 iude
871 2133 891 2172 a
913 2107 987 2174 diuo
1009 2109 1149 2195 Auqusto
1170 2108 1285 2194 equites
1299 2108 1442 2173 Rotnani

346 2217 482 2281 11111111
502 2216 568 2280 loco
589 2239 703 2302 requos.
741 2225 866 2300 tempus
881 2216 1038 2280 enuntiati
1051 2215 1178 2280 relativi
1192 2213 1284 2278 huius
1299 2214 1436 2299 exempli

344 2324 480 2388 relatum
502 2333 550 2388 est
579 2345 645 2386 non
674 2321 716 2386 ad
737 2321 770 2387 id
791 2332 917 2407 tempus
940 2343 1002 2407 quo
1024 2321 1128 2387 adhuc
1156 2323 1279 2407 equites
1300 2323 1437 2387 Romani

346 2431 534 2516 Aegyptum
562 2432 733 2515 copiasque
764 2430 968 2514 obtinebant,
1000 2429 1056 2494 sed
1087 2429 1129 2494 ad
1157 2428 1191 2493 id
1219 2440 1344 2515 tempus
1374 2450 1436 2514 quo

345 2537 489 2604 obtinere
510 2540 706 2624 inceperunt,
728 2537 814 2622 quod
836 2547 905 2603 erat
927 2547 1052 2623 tempus
1074 2538 1224 2622 Augusti.

425 2669 483 2735 VI.
520 2670 617 2735 Haud
649 2672 741 2756 parvi
777 2672 931 2735 momenti
962 2680 1011 2735 est
1049 2691 1242 2754 cognoscere
1276 2689 1434 2754 quaenam
1509 2662 1512 2668 ’

345 2799 459 2842 causae
489 2780 693 2864 rationesque
724 2780 762 2842 iis
793 2780 912 2863 regulis
945 2778 1087 2863 subsint,
1121 2799 1200 2863 quas
1236 2779 1437 2862 grammatici

344 2886 511 2971 proferunt
533 2886 573 2952 de
594 2887 818 2951 consecutione
840 2896 1019 2973 temporum
1052 2888 1086 2950 in
1114 2887 1285 2951 enuntiatis
1318 2909 1358 2951 ex
1389 2887 1436 2951 in-

344 2992 475 3058 finitivis
497 2994 738 3081 participiisque
758 2993 982 3080 pendentibus.
1415 3073 1419 3100 ι

424 3101 461 3168 Si
480 3102 673 3166 infinitivum
695 3105 875 3188 praesentis
897 3104 1075 3167 invenimus
1098 3102 1358 3187 distinguendum
1376 3109 1435 3188 est,

343 3219 450 3274 utrum
471 3209 646 3274 infinitivus
667 3212 830 3297 propriam
852 3213 918 3274 vim
938 3209 1057 3275 habeat
1077 3212 1286 3296 temporalem
1301 3231 1343 3274 an
1357 3209 1436 3276 nihil

343 3316 429 3382 aliud
458 3317 616 3401 significet
644 3319 707 3383 nisi
734 3320 898 3384 notionem
929 3319 1020 3384 verbi
1051 3341 1108 3404 per
1137 3340 1172 3382 se
1204 3319 1313 3382 sclam.
1363 3318 1436 3382 Hoc

343 3425 483 3508 positum
498 3434 548 3488 est
568 3425 595 3488 si
617 3446 657 3488 ex
677 3427 850 3510 praeterito
866 3425 984 3512 pendet
1000 3425 1040 3491 cf.
1055 3424 1129 3490 hist.
1144 3425 1197 3490 III
1213 3426 1254 3490 52
1269 3425 1436 3512 euplorore

340 3531 475 3617 placuit,
497 3533 529 3596 ei
547 3555 611 3618 quo
633 3531 799 3598 adirentur
820 3543 853 3598 et
874 3535 907 3597 in
930 3534 1084 3619 exemplis
1106 3534 1153 3598 ita
1173 3534 1365 3619 comparatis
1386 3555 1434 3598 re-

343 3638 445 3703 fertur
466 3649 591 3726 tempus
613 3641 769 3706 enuntiati
789 3641 969 3707 secundarii
990 3641 1032 3706 ad
1054 3642 1212 3706 actionem
1241 3641 1434 3726 primariam.

343 3745 496 3812 Similiter
523 3769 574 3812 res
605 3770 640 3812 se
669 3747 767 3814 habet
801 3750 828 3813 si
856 3749 891 3812 in
918 3751 1083 3814 enuntiato
1113 3749 1263 3834 primario
1292 3747 1435 3813 futurum

342 3853 755 3921 habemuscf.ann.158
786 3869 872 3920 tuum
902 3858 962 3922 erit
991 3856 1177 3935 consultare,
1207 3869 1312 3920 utrum
1335 3879 1432 3942 prae·

342 3962 447 4027 uoleat
467 3964 522 4048 qui
542 3964 631 4028 locus
652 3984 724 4028 mea
745 3962 874 4049 quidem
894 3966 1054 4030 sententia
1074 3965 1108 4029 in
1128 3963 1214 4028 hunc
1234 3963 1364 4028 modum
1379 3986 1432 4030 ex-

342 4069 507 4154 plicandus
529 4081 598 4136 est:
629 4070 805 4136 infinitivus
828 4073 1006 4138 consultore
1032 4072 1195 4157 propriam
1216 4072 1282 4135 vim
1310 4080 1432 4157 tempo-

341 4177 441 4242 ralem
461 4198 525 4241 non
547 4177 654 4260 habet,
682 4179 766 4244 actio
787 4179 886 4263 igitur
907 4178 1094 4245 secundaria
1114 4188 1261 4265 respectu
1282 4179 1433 4264 temporis

342 4284 461 4370 pendet
489 4307 529 4350 ex
560 4287 686 4351 actione
713 4288 874 4373 primaria,
905 4307 944 4353 ea
972 4297 1080 4352 autem
1100 4288 1135 4352 in
1155 4296 1265 4352 nostro
1287 4286 1432 4371 exemplo
