3328 5218
776 617 817 682 33

697 704 893 712 -------

325 838 355 881 a.
390 838 464 880 ann.
493 814 585 880 IV4
616 841 691 881 uam
723 817 868 903 Drusum,
907 841 1097 906 quamquam
1133 819 1268 884 arduum
1301 821 1343 884 ait

391 924 496 989 eodem
527 925 593 990 loci
613 927 787 1012 potcutiam
817 940 845 994 et
873 926 1075 992 concordiam
1110 950 1189 1007 esse,
1222 952 1340 1015 aequus

390 1031 641 1099 adulescentibus
662 1048 717 1099 aut
738 1048 817 1100 certe
839 1058 902 1100 mou
924 1034 1077 1099 aduersus
1098 1035 1276 1100 habebatur.

324 1139 355 1205 b.
391 1139 433 1206 G.
456 1141 497 1206 28
519 1166 557 1206 uc
578 1165 616 1206 ne
636 1142 718 1224 Ubii,
742 1166 933 1228 quamquam
953 1143 1130 1224 meruerint,
1149 1144 1337 1208 erubescunt.

391 1249 471 1332 Agr.
492 1247 635 1332 3‚‘3-7.
667 1250 716 1333 13,
737 1250 766 1314 b.
789 1250 818 1314 6.
861 1250 935 1315 hist.
958 1249 1011 1314 ΠΙ
1032 1251 1082 1334 22,
1103 1251 1132 1314 6.
1156 1251 1184 1315 7.

323 1378 349 1420 c.
393 1378 467 1421 ann.
488 1355 556 1420 XV
574 1357 615 1422 52
636 1358 746 1422 eteuim
765 1381 877 1444 cupere
892 1359 1120 1424 coniurationis
1134 1373 1211 1443 erat,
1229 1383 1336 1444 quam·

389 1469 438 1531 uis
460 1465 642 1551 expleuerit.

323 1573 353 1638 d.
390 1573 500 1640 Germ.
516 1574 556 1638 29
578 1598 640 1639 mou
662 1577 900 1654 numeraverim,
922 1598 1113 1662 quamquam
1127 1573 1333 1639 comederint.

323 1704 350 1746 e.
388 1704 461 1747 ann.
484 1681 534 1746 VI
554 1683 595 1747 bl
623 1683 692 1767 (51)
720 1696 813 1768 pater
841 1685 873 1747 ei
897 1683 982 1746 Nero
1009 1695 1037 1746 et
1064 1684 1219 1768 utrimque
1248 1683 1335 1770 oripo

385 1790 488 1877 pectis
513 1788 679 1874 Claudiae,
701 1813 892 1877 quamquam
913 1790 1084 1855 transierit.

323 1897 362 1962 In
390 1897 569 1963 modalibus
601 1920 728 1984 quoque
758 1899 932 1962 enuntiatis
960 1898 1124 1983 praevalet
1151 1899 1233 1962 ratio
1255 1907 1333 1962 tem·

239 2027 353 2090 porum
373 2006 518 2088 relativa,
540 2006 720 2071 absolutam
740 2006 839 2072 habes
863 2005 936 2071 hist.
959 2005 1052 2070 1147
1076 2019 1125 2069 cot
1147 2006 1197 2070 bic
1217 2029 1333 2070 mecum

242 2115 367 2178 emimus
381 2127 532 2202 tauquam
543 2115 685 2201 perituri
692 2138 754 2201 pro
768 2137 815 2178 me
827 2113 966 2197 fueritis,
989 2112 1044 2177 sed
1065 2127 1124 2177 este
1144 2115 1333 2200 superstites.

321 2222 566 2287 Diversissimes
599 2232 779 2307 temporum
806 2223 946 2287 rationes
976 2243 1058 2306 quae
1094 2222 1128 2285 in
1160 2222 1332 2286 enuntiatis

238 2329 379 2394 relativis
401 2329 599 2394 intercedere
628 2340 763 2415 possunt
790 2332 873 2394 inter
904 2329 1063 2394 actionem
1090 2329 1273 2412 primariam
1301 2339 1333 2394 et

239 2436 457 2502 secundariam
485 2437 636 2502 hocloco
664 2459 850 2502 enumerare
882 2427 1153 2521 superuacaneum
1181 2446 1239 2520 est,
1271 2436 1332 2500 hoc

238 2553 346 2609 temen
368 2545 472 2609 dicam
494 2546 590 2609 etiam
611 2547 644 2610 in
666 2545 838 2610 enuntiatis
859 2545 1001 2610 relativis
1018 2566 1101 2629 quae
1122 2543 1330 2609 indicativum

238 2653 409 2736 praebent,
435 2651 630 2737 deprehendi
662 2675 758 2738 saepe
786 2652 957 2717 discrimen
987 2647 1071 2716 inter
1106 2652 1272 2717 relativam
1299 2662 1332 2716 et

237 2760 415 2826 absolutam
437 2771 616 2846 temporum
637 2763 803 2845 rationem,
832 2763 859 2825 si
881 2762 1017 2846 scriptor
1038 2761 1197 2824 actionem
1218 2783 1328 2825 secun·

119 2873 121 2877 ’
237 2868 359 2933 dariam
380 2889 462 2953 quae
484 2868 525 2932 ad
547 2869 712 2954 quodlibet
733 2878 858 2954 tempus
880 2877 1003 2954 spectat
1025 2867 1066 2931 ad
1087 2878 1208 2932 certum
1230 2870 1328 2954 quod-

237 2974 311 3040 dam
344 2985 469 3061 tempus
500 2977 608 3041 refert.
658 2976 713 3043 Sic
749 2976 834 3062 apud
863 2975 1048 3042 Sallustium
1086 2975 1156 3040 Cat.
1190 2998 1258 3062 cap.
1291 2978 1327 3042 11

234 3083 390 3167 legimus:
421 3097 466 3148 set
490 3085 595 3170 primo
625 3085 728 3171 mapia
759 3084 888 3149 ambitio
917 3108 1013 3169 quam
1043 3084 1185 3148 auaritia
1207 3086 1331 3150 carmos

235 3190 394 3256 bomiuum
424 3193 603 3272 eoemcebat,
634 3191 719 3277 quod
750 3205 852 3257 tamea
884 3193 995 3256 uitium
1020 3193 1156 3277 propius
1184 3193 1329 3258 virtutem

235 3311 311 3364 erat.
340 3297 414 3364 Hoc
430 3300 499 3363 loco
521 3300 623 3365 relata
639 3308 689 3363 est
703 3293 863 3364 sentehtia
877 3301 1034 3363 enuntiati
1050 3299 1228 3365 secundarii
1242 3303 1329 3366 omni

234 3409 371 3492 tempori
393 3408 566 3472 communis
595 3406 637 3471 ad
665 3406 698 3470 id
726 3415 851 3492 tempus
881 3406 921 3472 de
952 3428 1015 3491 quo
1051 3408 1187 3492 scriptor
1208 3419 1327 3474 namet.

234 3535 427 3599 quamquam
447 3516 545 3598 igitur
566 3516 599 3578 in
620 3513 683 3579 hoc
703 3514 848 3599 exemplo
869 3515 1027 3578 rationem
1048 3516 1216 3580 relativam
1236 3539 1325 3601 prae·

233 3621 331 3685 latam
351 3621 441 3687 vides
458 3623 575 3687 rationi
591 3622 764 3706 absolutae,
781 3621 867 3685 nullo
883 3631 977 3706 pacto
992 3621 1126 3707 negabis
1141 3621 1327 3689 Sallustium

235 3727 347 3793 eodem
375 3730 442 3793 iure
472 3729 576 3794 dicere
606 3731 771 3814 potuisse:
802 3727 886 3814 quod
920 3742 1021 3794 taurea
1054 3731 1164 3794 uitium
1192 3734 1327 3817 propius

233 3835 376 3900 virtutem
398 3850 451 3918 est,
474 3839 660 3920 praesertim
682 3859 754 3900 cum
775 3847 925 3922 pergeret
946 3836 996 3902 his
1018 3837 1145 3902 verbis:
1166 3863 1242 3903 uam
1258 3839 1325 3927 qt-

234 3943 316 4006 ricm
430 3957 588 4030 eeoptout.
631 3944 729 4029 Apud
755 3944 924 4009 historicos
951 3944 1014 4008 hoc
1037 3944 1208 4010 discrimen
1230 3967 1326 4032 saepe

233 4051 412 4116 invenimus
449 4053 482 4114 in
517 4050 735 4116 describendis
776 4052 855 4117 locis
897 4074 936 4116 ac
971 4053 1035 4116 situ
1067 4055 1234 4138 regionum
1270 4056 1324 4140 qui

232 4168 307 4222 sunt
328 4159 425 4223 etiam
444 4160 510 4222 eius
532 4160 646 4223 aetatis
669 4160 757 4223 cuius
780 4169 829 4224 est
850 4161 995 4245 scriptor.

278 4355 281 4358 Ι
314 4266 474 4330 Absoluta
503 4275 551 4330 est
576 4268 658 4330 actio
681 4266 870 4332 secundaria
899 4289 981 4353 quae
1009 4270 1174 4353 praeteriti
1195 4267 1323 4354 quidem

231 4375 384 4460 temporis
416 4384 482 4459 est,
512 4376 700 4459 exprimitur
725 4385 833 4441 autem
859 4398 920 4440 nec
948 4376 1135 4461 imperfecto
1156 4398 1217 4441 nec
1237 4377 1322 4462 plus·

1109 4483 1124 4534 8
