3328 5218
829 531 869 600 74

317 728 393 796 VII.
416 753 501 796 eum
522 733 793 798 eoniunetivo
814 731 1237 820 plusquamperfeeti.

395 871 423 913 a.
452 849 682 935 imperfectum.
725 849 761 934 α)
790 851 862 916 hist.
888 850 942 916 ΠΙ
969 852 1019 936 33,
1041 851 1070 916 6.
1123 870 1197 914 ann.
1224 848 1242 912 I
1270 849 1320 934 44,
1342 850 1393 914 22.

452 956 486 1041 γ)
507 957 581 1022 hist.
603 956 635 1021 V
655 958 706 1042 21,
730 959 778 1023 13.

394 1062 425 1128 b.
453 1064 629 1129 infinitivus
650 1064 829 1130 historicus⁸
871 1065 906 1149 β)
929 1087 1002 1130 ann.
1025 1064 1092 1130 XV
1111 1065 1162 1148 58,
1183 1065 1204 1130 6
1228 1077 1328 1151 atque.

394 1193 420 1235 c.
453 1173 567 1258 copula
587 1171 686 1238 deest.
728 1173 763 1258 β)
785 1173 858 1238 hist.
881 1172 1011 1255 149,.3
1033 1173 1213 1238 amicerum.

304 1301 399 1366 VIII.
421 1324 506 1367 eum
528 1305 795 1369 coniunctim
817 1305 1006 1392 perfecti.
1060 1306 1095 1389 β)
1118 1326 1190 1370 ann.
1212 1303 1282 1370 XII
1302 1303 1393 1388 47‚7

309 1438 313 1448 ·
452 1435 535 1492 mox,
556 1412 960 1499 ubi-suffuderit‚,elieiunt
981 1425 1074 1500 atque
1096 1413 1245 1478 lambent.

317 1541 378 1608 IX.
400 1544 441 1614 in
463 1555 600 1610 enunt.
623 1544 876 1610 secundario
900 1545 1049 1632 copule
1069 1543 1193 1610 deest.

394 1683 422 1726 a.
455 1662 489 1726 in
511 1683 560 1726 en.
584 1684 631 1748 pr.
652 1661 831 1749 perfectum
852 1670 910 1727 est.
953 1661 989 1746 α)
1012 1662 1094 1746 Agr.
1115 1661 1165 1744 26,
1189 1664 1204 1724 1
1228 1663 1394 1748 eoqnitem.

452 1769 525 1834 hist.
547 1769 601 1835 III
623 1769 669 1855 15,
695 1773 709 1836 l
733 1784 900 1856 comperta.
942 1770 1192 1856 58,1009m·ea.
1233 1766 1282 1833 IV
1302 1767 1333 1851 4,
1358 1768 1395 1832 15

451 1879 591 1942 ventum
626 1876 701 1962 V8,
720 1879 756 1944 ll
778 1878 944 1966 aequitum.
977 1899 1051 1942 ann.
1065 1875 1115 1941 IV
1130 1876 1393 1963 73,1009m·cum.

394 1984 426 2048 b.
454 1984 684 2072 imperfectum.
726 1986 761 2069 α)
783 2007 857 2050 ann.
879 1983 949 2050 XII
969 1984 1062 2069 35,ss
1091 1997 1222 2049 ventum.
1263 1986 1299 2066 β)
1321 1977 1395 2047 en'n.

451 2093 501 2178 50,
526 2092 562 2157 lI
586 2092 711 2180 (ἱρέων)
734 2093 865 2179 (faeta).

394 2223 420 2264 e.
450 2223 601 2288 praesens
622 2200 817 2266 historicum.
847 2201 883 2286 α)
904 2201 978 2266 hist.
994 2199 1043 2265 IV
1056 2201 1107 2284 21,
1129 2201 1150 2266 9
1171 2199 1284 2263 relata.
1320 2218 1394 2261 ann.
1453 2271 1457 2278 Ι

451 2307 773 2395 11139,1009nita.
827 2308 898 2373 XII
924 2309 1022 2393 49‚9
1055 2307 1261 2395 divulyatem.
1310 2303 1395 2369 XVI

341 2455 343 2458 -
454 2416 502 2500 10,
521 2415 542 2480 6
562 2417 727 2502 eoqm'tem.
769 2417 804 2500 β)
826 2438 900 2481 ann.
922 2415 976 2480 III
998 2416 1026 2499 1,
1048 2416 1068 2480 9
1089 2428 1181 2500 atque
1203 2413 1311 2499 (visa).
1343 2409 1396 2476 XI

323 2546 324 2549 ’
452 2522 512 2606 30,
540 2522 556 2586 1
600 2521 778 2610 Calpurnia
810 2523 958 2608 (datum).
1009 2521 1059 2587 VI
1085 2523 1105 2587 5
1135 2520 1220 2606 (11),
1250 2521 1272 2586 2
1306 2519 1396 2584 Cotta

453 2628 571 2715 (data).

395 2737 425 2802 d.
454 2737 629 2803 infinitivus
650 2739 830 2804 historiens.
883 2737 920 2824 β)
941 2737 1015 2803 hist.
1036 2736 1055 2802 I
1075 2737 1125 2821 12,
1149 2737 1186 2800 17
1216 2750 1253 2818 ec,
1275 2736 1332 2801 ubi
1346 2736 1395 2822 pl.

454 2846 609 2912 lieentia..
701 2896 712 2907 ..

317 2977 361 3042 Χ.
391 2977 465 3043 duo
494 2971 681 3063 tempera
711 2978 902 3043 habemus
939 2978 1164 3042 coniuncta
1200 2977 1241 3040 in
1278 2996 1397 3040 enun-

386 3087 495 3150 tiato
517 3085 777 3151 secundario.

393 3224 421 3267 a.
449 3201 642 3267 infinitiVum
662 3203 849 3267 historicum
870 3212 903 3267 et
923 3201 1154 3288 imperfectum.
1189 3199 1263 3264 hist.
1282 3195 1337 3263 III
1359 3199 1398 3265 10

443 3311 509 3374 'ebe'
527 3309 706 3374 crudescere
727 3310 840 3375 seditio
861 3327 889 3376 ee
910 3335 931 3373 a
952 3309 1103 3374 conviciis
1133 3332 1170 3372 ae
1190 3306 1330 3392 probriie
1353 3306 1398 3371 ad

339 3495 341 3502 Α
450 3417 512 3482 tela
534 3431 567 3482 et
595 3441 708 3482 manue
740 3419 915 3500 transibat,
945 3418 1028 3483 inici
1053 3417 1143 3481 iubet.
1201 3436 1275 3479 ann.
1305 3413 1397 3479 IV4

453 3526 510 3590 ubi
528 3525 676 3590 minitari
692 3539 720 3590 et
740 3524 923 3590 sumendum
944 3523 1020 3604 emt,
1043 3521 1228 3588 circumdat.

396 3641 427 3707 b.
456 3641 648 3707 infinitivum
669 3642 855 3707 historicum
876 3652 908 3707 et
929 3663 1032 3727 praee
1054 3640 1127 3705 hist.
1169 3660 1243 3704 ann.
1265 3637 1336 3702 XII
1356 3638 1396 3702 51

454 3750 510 3814 ubi
527 3749 620 3836 quati
637 3763 743 3814 eterne
764 3763 792 3814 et
812 3751 972 3829 vibanter,
994 3770 1094 3826 orare,
1116 3760 1151 3812 et
1264 3748 1329 3812 Pro
1350 3749 1396 3813 in·

453 3857 576 3922 finifivo
598 3857 691 3942 quati
708 3855 820 3921 scribit
841 3856 963 3921 Heinse
984 3856 1134 3942 quatitur,
1167 3875 1264 3940 quam
1292 3876 1397 3920 emen-

318 3945 322 3952 ’
456 3963 617 4030 dationem
631 3962 730 4028 Halm
750 3965 784 4028 iu
805 3963 977 4030 editionem
999 3963 1127 4028 tertiam
1140 3963 1269 4047 recepit.
1307 3961 1398 4040 Quae

458 4073 640 4136 coniectura
661 4093 855 4158 quemquam
876 4069 1126 4157 palaeographia
1147 4068 1396 4152 commendatur,

455 4189 562 4244 temon
584 4179 611 4242 si
634 4180 781 4264 exempla
803 4201 900 4264 supra
913 4178 1021 4244 adlata
1041 4185 1275 4265 comparantur,
1290 4199 1397 4262 super-

456 4307 598 4352 vacanea
618 4306 688 4349 esse
707 4285 843 4350 videtur.
