3328 5218
869 601 909 666 38

342 800 425 864 bene
452 799 587 884 quadret
617 802 658 866 ad
692 803 857 866 notionem
889 801 1063 887 particulae
1096 811 1281 888 postquam,
1316 799 1436 864 indicat

343 909 428 974 enim
448 910 607 974 actionem
628 909 849 975 secundariam
870 908 1047 994 perfectam
1067 909 1131 973 iam
1153 932 1223 974 esse
1239 909 1434 975 absolutam·

210 1039 211 1042 ¹
344 1037 406 1101 que
427 1018 613 1102 priusquam
633 1018 766 1104 incipiat
787 1018 870 1080 actio
892 1017 1052 1102 primaria.

426 1123 609 1189 Perfectum
630 1134 737 1189 autem
762 1146 834 1190 cum
856 1123 1011 1209 particula
1036 1136 1202 1210 postquam
1233 1126 1438 1189 coniunctum

344 1230 505 1314 significat
531 1233 690 1296 actionem
715 1233 899 1318 primariam
926 1233 1034 1297 statim
1061 1232 1218 1317 incepisse
1245 1242 1319 1319 post
1340 1233 1435 1296 actio·

343 1360 418 1406 nem
439 1337 669 1423 secundariam,
692 1342 737 1406 ita
759 1349 885 1404 tantum
903 1350 1024 1404 utnon
1047 1337 1204 1404 indicetur
1226 1349 1333 1404 utrum
1354 1340 1437 1405 actio

345 1445 532 1512 secundaria
553 1447 701 1512 absoluta
722 1449 786 1513 iam
807 1469 867 1512 nec
887 1470 928 1512 ne
950 1449 999 1512 sit.

426 1553 582 1620 Videmus
603 1557 701 1639 igitur
716 1554 1028 1641 plusquamperfecto
1043 1556 1202 1620 actionem
1218 1552 1438 1620 secundariam

344 1664 523 1727 accuratius
546 1662 670 1728 definiri
699 1673 796 1748 atque
817 1662 1050 1745 circumscribi,
1083 1684 1179 1748 quam
1206 1661 1358 1747 perfecto.
1401 1660 1438 1727 Si

346 1779 455 1834 autem
476 1771 587 1854 lingua
607 1771 708 1835 latina
729 1770 907 1856 perfectum
928 1771 1099 1856 praecipue
1120 1768 1267 1834 adhibuit
1288 1771 1321 1833 in
1341 1791 1438 1834 enun-

346 1877 433 1942 tiatis
456 1900 476 1942 a
495 1879 652 1963 particula
669 1891 838 1965 postquam
860 1878 1095 1963 incipientibus,
1117 1877 1320 1942 referendum
1341 1877 1438 1942 idest

345 1982 387 2050 ad
407 1986 535 2071 linguae
557 1985 675 2051 latinae
695 1987 901 2051 vivacitatem
922 1985 1130 2071 habitumque
1145 1987 1328 2050 oratorium.
1361 1983 1437 2049 Effi-
1499 2071 1501 2076 ³

346 2095 450 2157 cacius
472 2094 557 2158 enim
578 2093 766 2180 exprimitur
794 2095 903 2158 statim
934 2095 1007 2180 post
1036 2095 1196 2158 actionem
1217 2091 1438 2158 secundariam

346 2200 503 2286 incepisse
537 2203 696 2266 actionem
731 2203 931 2287 primariam,
968 2203 995 2266 si
1027 2223 1064 2267 eo
1096 2201 1181 2287 quod
1210 2200 1345 2286 perfecti
1380 2221 1439 2263 usu

346 2318 482 2393 utraque
499 2309 584 2373 actio
599 2308 776 2373 arctissime
791 2311 996 2395 coniungitur
1010 2311 1100 2394 quasi
1116 2309 1328 2374 coincidentia
1343 2330 1438 2394 quae-

346 2415 552 2480 demoritur.
602 2415 656 2480 Ad
678 2415 812 2481 eandem
833 2417 962 2501 linguae
982 2417 1101 2482 latinae
1131 2426 1279 2483 naturam
1306 2415 1439 2482 rhetori-

347 2545 417 2588 cam
447 2523 551 2589 refero
583 2526 680 2590 etiam
709 2547 860 2610 praesens
891 2525 968 2591 illud
997 2525 1183 2591 historicum
1212 2526 1246 2590 in
1268 2525 1440 2590 enuntiatis

347 2653 368 2695 a
389 2632 548 2718 particula
569 2630 642 2696 dum
664 2632 900 2718 incipientibus.
1278 2637 1279 2640 ’

431 2739 599 2804 Proferam
619 2762 706 2805 nunc
727 2742 874 2825 exempla
895 2763 934 2806 ex
950 2741 1064 2824 Taciti,
1080 2739 1221 2815 Sallusti,
1234 2740 1337 2805 Vellei
1351 2739 1441 2804 libris
1546 2773 1549 2778 ,

350 2847 396 2911 ita
417 2847 550 2911 collecta
570 2856 606 2911 ut
627 2845 814 2912 distinctum
834 2849 885 2932 sit,
916 2849 1013 2913 etiam
1034 2857 1141 2912 utrum
1162 2850 1362 2913 enuntiatum
1393 2869 1439 2912 se-

349 2954 535 3019 cundarium
557 2955 726 3021 antecedat
736 2955 787 3038 (α)
799 2956 957 3020 actionem
969 2957 1161 3041 primariam,
1177 2978 1219 3022 an
1230 2965 1383 3041 sequatur
1394 2955 1441 3039 (y)

347 3085 389 3128 an
411 3064 610 3127 enuntiatum
631 3064 817 3148 primarium
837 3065 871 3127 in
893 3063 971 3129 duas
994 3064 1117 3130 dividat
1137 3074 1245 3150 partes
1268 3064 1326 3148 (β).

693 3245 810 3332 Apud
832 3201 1095 3313 Sallustium

348 3389 388 3452 A.
417 3411 502 3453 cum
523 3388 756 3455 indicativo
778 3389 979 3474 perfecti.

297 3501 303 3510 '
436 3519 464 3560 a.
492 3497 528 3561 ia
548 3497 709 3562 enuntiato
727 3497 887 3583 primario
908 3509 952 3560 est
970 3497 1155 3582 perfectum.
1193 3498 1229 3580 α)
1252 3496 1323 3563 (lat.
1348 3498 1440 3582 12,1.

498 3605 548 3689 21,
572 3606 598 3669 1.
626 3605 677 3690 26,
698 3605 728 3670 5.
758 3604 809 3690 55,
830 3605 860 3670 5.
902 3603 1149 3688 Iug.91,5(?).
1189 3606 1225 3689 β)
1249 3604 1392 3689 Causa,
1416 3606 1443 3669 1.

497 3713 581 3799 39,1
605 3711 698 3796 (sod).
740 3713 791 3798 51,
813 3710 956 3804 5.(304).
1000 3710 1070 3796 Iug.
1094 3713 1123 3798 8,
1144 3713 1174 3778 2.
1207 3714 1259 3796 41,
1282 3714 1311 3777 4.
1341 3713 1442 3796 96,1.

498 3821 567 3903 114,
588 3821 608 3886 3
631 3819 724 3904 (sed).

437 3927 468 3992 b.
494 3951 645 4014 praeseus
665 3929 857 3994 historicum.
898 3930 934 4012 α)
958 3927 1028 3995 Ost.
1049 3928 1101 4013 45,
1124 3929 1153 3993 3.
1195 3929 1297 4012 55,1.
1340 3928 1392 4012 62,
1412 3928 1442 3992 2.

497 4036 569 4121 Ing.
593 4038 641 4120 15,
665 4038 713 4102 10.
753 4037 855 4123 26,1.
895 4038 946 4121 35,
967 4036 997 4102 4.
1043 4036 1094 4121 46,
1116 4035 1145 4100 4.
1193 4036 1244 4119 52,
1266 4036 1294 4100 6.
1340 4037 1390 4119 62,
1413 4037 1442 4100 6.

499 4146 547 4227 71,
569 4145 598 4207 4.
645 4145 694 4230 75,
715 4145 745 4209 2.
790 4145 840 4228 88,
863 4145 884 4207 4
906 4145 962 4227 (7).
1010 4145 1079 4228 106,
1101 4143 1130 4209 6.
1184 4144 1219 4225 β)
1248 4141 1319 4227 Iug.
1352 4141 1442 4227 18,3

498 4250 591 4336 (sod).
632 4253 682 4336 21,
711 4253 733 4316 4
761 4251 856 4336 (aad).
898 4253 948 4336 35,
979 4252 1019 4317 10
1050 4251 1143 4336 (aad).
1195 4251 1244 4334 71,
1266 4250 1295 4315 5.
1340 4250 1441 4334 82,1.

500 4359 569 4441 104,
589 4360 619 4424 4.
