3328 5218
855 582 897 646 24

417 761 604 849 Hoffmanni
635 783 815 849 observatio
845 784 980 847 si-rects
1001 790 1060 865 est,
1082 782 1189 846 velere
1211 779 1305 846 debet
1326 781 1423 844 etiam

335 894 369 957 in
383 893 533 978 perfectis
549 894 740 978 compositis,
757 890 842 977 quod
857 891 985 976 probari
1007 889 1125 974 nequit.
1158 887 1323 952 Habemus
1339 889 1424 950 enim

336 1000 519 1085 saepissime
552 1002 676 1065 etiamsi
712 998 824 1084 copule
859 998 1019 1062 antecedit
1053 999 1085 1061 in
1117 998 1280 1062 enuntiato
1314 1017 1422 1060 secun-

336 1108 424 1172 dario
443 1107 637 1192 imperfecte,
661 1106 774 1193 quibus
796 1106 954 1171 indicatur
975 1115 1099 1191 tempus
1120 1107 1153 1169 in
1175 1107 1339 1169 enuntiato
1360 1105 1423 1194 pri·

335 1217 435 1279 maria
471 1215 652 1280 habendum
690 1237 759 1279 esse
792 1235 850 1299 pro
888 1214 1060 1299 praeterito
1096 1214 1135 1278 cf.
1178 1214 1208 1277 b.
1237 1235 1268 1297 g.
1300 1211 1337 1276 ΙΙ
1372 1211 1422 1276 27.

227 1367 229 1371 -
336 1322 390 1387 ΠΙ
409 1323 459 1388 29.
488 1323 537 1388 VI
558 1323 607 1387 37.
637 1322 705 1387 vlt
725 1323 774 1388 30.
818 1323 849 1386 b.
866 1345 891 1386 c.
914 1322 931 1386 I
953 1323 980 1386 7.
1009 1321 1044 1387 Π
1066 1323 1113 1386 13.
1143 1321 1196 1386 ΠΙ
1217 1323 1266 1386 37.
1290 1321 1349 1385 112
1364 1320 1423 1384 bis.

336 1431 508 1496 Praeterea
528 1432 706 1495 invenimus
728 1453 824 1516 saepe
856 1430 1001 1515 copulem
1031 1429 1273 1494 antecedentem
1299 1431 1333 1492 in
1353 1451 1423 1513 per-

337 1538 430 1602 fectis
453 1540 645 1624 compositis,
668 1560 749 1623 quse
770 1560 828 1623 pro
850 1538 930 1623 perf.
951 1539 1063 1622 logicis
1079 1537 1189 1602 heberi
1202 1558 1268 1600 non
1282 1545 1423 1621 possunt.

339 1646 368 1710 b.
391 1666 422 1729 g.
445 1645 475 1710 V
496 1646 533 1710 21
557 1646 707 1731 multique
727 1647 761 1710 in
782 1645 864 1733 fuqa
885 1658 957 1709 sunt
979 1645 1192 1730 comprehensi
1218 1659 1309 1729 atque
1329 1647 1423 1706 inter-

239 1751 241 1756 ’
336 1754 423 1836 fecti.
462 1749 534 1817 ¹Vl]
557 1754 593 1818 17
616 1753 707 1816 nulla
729 1776 791 1818 vam
812 1767 856 1816 est
877 1752 916 1816 al
937 1754 979 1818 iis
1000 1751 1122 1817 audita.
1166 1752 1207 1816 25
1227 1775 1281 1816 nec
1296 1752 1424 1837 primus

336 1859 391 1924 ille
411 1873 454 1925 est
476 1885 496 1924 a
514 1861 804 1949 prapuquatcribus
824 1885 941 1926 vacuus
962 1861 1090 1926 relictus
1112 1860 1206 1939 locus,
1237 1883 1330 1945 quam
1343 1857 1425 1943 finis

329 1968 508 2055 ,puqnandi
528 1982 571 2034 est
591 1971 709 2052 factus.
760 1969 800 2034 28
827 1993 907 2054 pars
936 1969 975 2033 ab
1004 1968 1156 2054 equitibus
1186 1981 1229 2031 est
1257 1966 1424 2049 interfecta

338 2075 377 2141 cf.
411 2077 507 2142 etiam
535 2075 601 2140 VH
621 2077 671 2140 62.
714 2075 744 2140 b.
768 2099 793 2140 c.
822 2076 875 2140 III
902 2076 952 2159 22,
984 2077 1034 2159 99,
1064 2076 1139 2158 1123
1176 2085 1288 2139 contre
1318 2084 1425 2139 eutem

336 2184 366 2256 b.
390 2207 416 2248 c.
438 2183 492 2248 HI
513 2184 581 2267 109,
598 2186 619 2248 5
637 2183 718 2248 alter
739 2183 923 2268 interfectus
943 2197 995 2248 est.
1035 2182 1102 2247 VII
1121 2183 1161 2248 51
1184 2205 1217 2248 ea
1239 2183 1290 2247 die
1311 2183 1425 2247 milites

334 2305 407 2357 sunt
437 2291 549 2376 paullo
584 2293 689 2356 minus
728 2293 917 2378 septinqenti
945 2291 1126 2356 desiderati.
1182 2291 1222 2355 cf.
1246 2291 1276 2354 b.
1299 2290 1424 2354 6151

335 2421 398 2484 quo
419 2400 452 2462 in
474 2399 619 2484 exempla
641 2398 812 2463 hebemus:
835 2399 1011 2463 desiderati
1029 2413 1109 2462 sunt.
1154 2397 1222 2463 VH
1242 2400 1282 2463 57
1304 2422 1425 2462 summa

334 2507 465 2593 imperii
491 2505 631 2571 traditur
655 2506 871 2593 Camulaqeno‚
900 2508 983 2592 qui.
1008 2555 1014 2568 .
1038 2507 1083 2570 ad
1112 2530 1181 2570 eum
1208 2519 1252 2570 est
1281 2506 1424 2570 honorem

335 2627 486 2679 evocatus.
539 2613 570 2678 b.
594 2637 620 2678 c.
649 2613 667 2677 I
694 2615 734 2678 46
768 2614 883 2696 facilis
915 2628 959 2678 est
993 2616 1110 2679 nostris
1145 2627 1284 2700 receptus
1320 2613 1424 2677 clatus.

334 2722 375 2788 82
400 2720 456 2786 sed
483 2720 596 2786 eusdem
629 2721 667 2786 de
695 2723 801 2787 causis
828 2744 908 2807 quae
934 2735 1007 2786 sunt
1039 2724 1181 2808 capnitae
1203 2723 1367 2807 quominus
1384 2758 1427 2768 —

334 2828 434 2908 vellet,
461 2829 648 2893 movebatur.
702 2828 737 2893 ΙΙ
761 2829 798 2894 15
832 2828 1003 2894 Trebonius
1033 2853 1069 2893 ea
1099 2853 1178 2915 quae
1205 2842 1276 2894 sunt
1308 2829 1426 2894 amissa

334 2936 459 3018 reficere
480 2937 625 3000 instituit.
669 2937 705 3000 17
729 2937 861 3023 capnitis
882 2937 924 3000 iis
945 2937 1043 3020 relus,
1077 2960 1156 3021 quae
1177 2949 1248 3001 sunt
1269 2938 1303 3000 in
1325 2937 1393 3001 Ital
1400 2937 1408 2953 ⁶
1522 2969 1530 2990 ·

335 3057 447 3132 qestae.
493 3043 531 3107 18
558 3045 691 3132 capnitis
717 3044 759 3108 iis
786 3044 886 3124 rebus,
915 3067 994 3130 quae
1023 3058 1095 3109 sunt
1121 3056 1225 3131 qestae
1254 3045 1425 3130 parabant.

335 3150 412 3215 ibid.
441 3150 575 3215 navatus
603 3152 797 3236 comparatis
830 3150 1055 3231 Massilienses,
1090 3165 1123 3216 ut
1156 3165 1200 3246 est
1230 3153 1426 3238 imperatum,

336 3281 429 3323 arma
446 3259 627 3346 proferunt,
650 3269 763 3324 contre
784 3281 852 3345 cap.
868 3260 909 3324 25
931 3273 958 3324 et
979 3284 1038 3345 quo
1060 3260 1247 3346 imperatum
1266 3273 1310 3324 est
1324 3273 1426 3324 trans-

212 3351 216 3358 *
292 3378 294 3382 ’
336 3379 417 3432 eunt.
458 3366 512 3431 III
533 3369 551 3432 7
574 3367 629 3432 sed
650 3391 746 3453 neque
767 3368 822 3432 illi
839 3369 905 3432 sibi
915 3368 1030 3453 confisi
1040 3391 1080 3432 ee
1093 3381 1186 3454 portu
1200 3367 1335 3456 prodire
1356 3381 1428 3432 sunt

338 3475 418 3538 ausi.
461 3475 502 3538 34
520 3497 640 3560 parare
660 3475 774 3560 incipit
790 3476 964 3561 paucisque
980 3493 1054 3562 post
1077 3477 1185 3540 diebus
1199 3490 1243 3541 est
1255 3476 1426 3562 profectus.

337 3581 376 3646 51
408 3582 497 3646 auius
527 3581 665 3646 adventu
694 3581 797 3665 facile
827 3597 900 3647 sunt
929 3584 1052 3668 repulsi
1078 3583 1273 3669 Pompeiani.
1315 3584 1354 3648 67
1378 3583 1441 3646 lia

334 3688 502 3775 paulisper
530 3702 574 3754 est
598 3702 783 3777 puqnatum.
832 3691 872 3756 68
901 3691 1083 3777 iqncrantia
1113 3691 1176 3756 loci
1200 3705 1272 3754 sunt
1298 3705 1427 3756 secutae.

337 3797 378 3861 69
399 3797 580 3862 tenebatur
601 3800 765 3883 omniaque
784 3812 857 3862 sunt
877 3799 978 3864 subito
992 3811 1122 3863 mutata.
1158 3799 1195 3863 91
1206 3802 1429 3884 praecucurrit

339 3918 432 3990 atque
453 3928 521 3969 eum
542 3905 634 3970 electi
651 3905 765 3969 milites
786 3919 857 3970 sunt
875 3907 1041 3992 prosecuti.

421 4013 593 4078 Praeterea
622 4012 778 4078 hebemus
808 4013 1050 4079 demonstratum
1077 4028 1121 4078 est
1153 4015 1184 4078 b.
1207 4039 1232 4078 c.
1260 4014 1278 4079 Ι
1306 4016 1355 4080 38.
1378 4017 1426 4081 39.

339 4121 389 4186 48.
404 4121 454 4184 56.
489 4119 525 4184 Π
545 4121 595 4185 28.
618 4121 668 4184 34.
690 4121 740 4185 42.
777 4119 831 4185 ΙΠ
852 4122 881 4196 6,
906 4131 1016 4186 contre
1038 4134 1081 4186 est
1103 4121 1345 4188 demonstratum
1365 4146 1428 4189 uno

340 4236 464 4293 tentum
484 4227 554 4291 loco
575 4226 605 4291 b.
622 4251 647 4291 c.
670 4227 688 4292 1
710 4229 758 4292 81.
794 4227 835 4292 111
855 4230 1029 4294 minoribus
1052 4251 1178 4315 quoque
1198 4231 1287 4295 libris
1308 4232 1429 4296 inveni-

340 4356 410 4399 mus
431 4335 609 4420 perfectum
630 4337 840 4421 compositum
873 4338 919 4401 ite
945 4348 1142 4423 usurpatum,
1175 4347 1211 4402 ut
1238 4357 1430 4423 quemquem
