3328 5218
767 629 807 693 37

596 913 805 998 Particula
829 913 965 999 tertia

319 1196 401 1263 Cum
422 1195 563 1263 secunda
583 1205 684 1282 parte,
717 1218 781 1282 qua
810 1196 844 1260 in
873 1219 909 1262 re
939 1198 1120 1262 consecutio
1150 1207 1330 1284 temporum

236 1307 342 1392 posita
363 1307 412 1389 sit,
434 1304 692 1388 examinaverim,
713 1305 891 1369 accuratius
913 1305 977 1369 iam
998 1306 1235 1370 enuntiatorum
1250 1315 1328 1372 tem-

236 1415 392 1500 poralium
414 1411 571 1498 quaedam
592 1434 711 1498 genera
732 1412 887 1478 tractabo.

506 1590 566 1655 De
594 1591 808 1675 particula
834 1602 1059 1677 postquam.

317 1723 505 1788 Hoffmanni
526 1724 608 1787 ratio
638 1724 672 1787 in
693 1722 890 1808 explicandis
911 1723 1119 1810 temporibus,
1147 1744 1229 1808 quae
1257 1744 1329 1786 cum

235 1832 392 1918 particula
411 1844 578 1918 postquam
606 1832 843 1915 coniunguntur
872 1830 951 1896 haec
979 1831 1046 1896 fere
1077 1832 1181 1915 est¹):
1214 1832 1328 1916 imper-

235 1939 355 2005 fectum
377 1949 409 2004 et
429 1938 792 2024 plusquamperfectum,
820 1939 848 2002 si
875 1939 942 2002 vim
968 1938 1089 2004 habent
1108 1940 1277 2004 relativam
1298 1941 1331 2003 in

235 2048 409 2113 enuntiatis
433 2047 660 2132 temporalibus
681 2069 747 2111 non
768 2047 983 2132 inveniuntur,
1010 2047 1072 2111 nisi
1094 2048 1331 2112 coniunctivum

234 2156 419 2242 praebeant,
449 2176 512 2240 qua
541 2154 582 2220 de
603 2177 699 2219 causa
729 2155 938 2221 indicativum
964 2154 1143 2240 imperfecti
1170 2157 1203 2220 in
1233 2177 1330 2220 enun-

235 2265 323 2330 tiatis
344 2288 365 2329 a
385 2264 542 2350 particula
566 2277 736 2351 postquam
766 2264 992 2350 incipientibus
1021 2286 1086 2328 non
1113 2265 1179 2328 vim
1208 2274 1329 2351 tempo-

234 2374 335 2439 ralem
354 2374 522 2438 relativam
543 2372 678 2458 habere,
710 2371 767 2438 sed
797 2373 983 2458 qualitatem
1012 2381 1137 2438 tantum
1170 2372 1330 2457 quandam

234 2483 369 2548 actionis
415 2481 614 2566 significare,
657 2481 960 2568 plusquamperfecti
1002 2503 1078 2546 vero
1122 2463 1329 2546 indicativum

235 2612 361 2676 semper
381 2590 486 2675 logice
507 2612 578 2655 esse
598 2589 849 2673 intellegendum
875 2589 906 2654 h.
930 2612 956 2655 e.
988 2589 1074 2655 idem
1095 2590 1203 2655 valere
1232 2600 1329 2676 atque

234 2698 466 2784 imperfectum,
500 2697 586 2783 quod
608 2696 737 2783 quidem
758 2696 837 2760 nihil
858 2696 944 2761 aliud
966 2697 1124 2782 significet
1145 2698 1207 2762 nisi
1228 2699 1327 2784 quali·

234 2816 334 2872 tatem
355 2806 516 2892 quandam
538 2806 674 2871 actionis
695 2828 761 2870 non
781 2806 933 2891 temporis
955 2806 1128 2869 notionem.

318 2913 440 2980 Contra
460 2913 543 2978 hanc
564 2914 757 2978 sententiam
779 2912 948 2979 dicendum
970 2924 1028 2998 est,
1057 2916 1084 2979 si
1105 2912 1327 3000 imperfectum

235 3025 268 3087 in
290 3023 462 3088 enuntiatis
491 3043 511 3084 a
537 3022 694 3106 particula
719 3035 888 3108 postquam
914 3023 1140 3109 incipientibus
1161 3024 1228 3086 vim
1247 3031 1325 3086 tem-

234 3132 376 3218 poralem
406 3130 574 3195 relativam
604 3151 670 3194 non
706 3129 840 3214 habeat,
882 3129 939 3194 sed
977 3131 1163 3216 qualitatem
1201 3140 1327 3195 tantum

234 3240 369 3305 actionis
390 3237 597 3304 secundariae
618 3238 746 3323 indicet,
779 3238 812 3303 id
833 3261 898 3303 non
920 3261 991 3305 esse
1012 3239 1087 3305 inde
1107 3238 1325 3324 repetendum,

234 3347 320 3434 quod
361 3346 553 3412 indicativus
595 3346 774 3433 imperfecti
809 3348 842 3410 in
884 3347 1057 3411 enuntiatis
1098 3346 1326 3431 temporalibus

233 3455 316 3521 hanc
344 3457 410 3521 vim
448 3455 655 3541 temporalem
692 3455 860 3519 relativam
890 3476 956 3519 non
991 3453 1126 3536 habeat,
1167 3453 1221 3518 sed
1251 3453 1326 3519 inde
1376 3517 1382 3526 ,

233 3563 415 3649 quodcum
444 3566 576 3629 notione
603 3563 778 3651 particulae
802 3575 969 3648 postquam
998 3572 1084 3627 stare
1112 3564 1232 3647 nequit,
1262 3584 1326 3647 qua

233 3672 433 3756 significatur
454 3673 537 3737 actio
560 3670 748 3736 secundaria
768 3692 833 3736 non
851 3681 1007 3756 quatenus
1026 3693 1084 3756 por
1102 3670 1186 3735 idem
1199 3679 1324 3757 tempus

233 3781 352 3844 actioni
372 3781 541 3866 primariae
562 3778 672 3863 durat,
702 3778 759 3844 sed
780 3788 937 3864 quatenus
959 3789 1015 3843 aut
1037 3777 1180 3863 perfecta
1201 3788 1249 3843 est
1270 3788 1325 3842 aut

214 3889 362 3975 incepit,
392 3889 576 3973 priusquam
605 3889 688 3952 actio
717 3888 868 3973 primaria
897 3887 1037 3972 incipiat.
1080 3885 1323 3972 Plusquamper-

234 3995 311 4061 fecti
332 4016 407 4061 vero
430 3996 602 4080 genuinam
630 4016 669 4059 ac
695 3995 858 4080 propriam
884 3995 1048 4059 notionem
1078 4016 1143 4058 non
1173 3994 1323 4078 intellego

234 4125 290 4168 cur
317 4112 477 4170 mutemus
507 4102 540 4167 in
567 4103 746 4188 imperfecti
773 4104 839 4167 vim
875 4124 914 4166 ac
941 4101 1223 4185 significationem,
1252 4123 1324 4165 cum

305 4406 326 4474 ¹)
345 4406 538 4474 Zeitpsrtikeln
555 4423 580 4473 p.
599 4408 632 4457 46
649 4421 705 4472 sqq.
