3328 5218
815 619 854 682 21

437 820 471 903 2)
500 820 533 883 in
555 819 718 883 enuntiato
740 818 889 905 primario
912 816 1073 882 antecedit
1093 838 1251 901 praesens.

501 925 610 992 Germ.
645 927 695 1011 28,
728 928 776 991 11.
831 927 904 991 5151.
939 925 957 989 Ι
987 925 1017 1009 4,
1049 925 1078 989 4.
1121 925 1171 1006 42,
1202 925 1231 988 2.
1274 924 1323 1008 69,
1345 925 1374 987 2.

500 1034 670 1119 1139,13.
699 1035 748 1118 73,
764 1035 792 1100 2.
824 1035 891 1117 100,
908 1035 956 1099 18.
991 1032 1043 1097 HI
1065 1033 1178 1115 71,17.
1217 1031 1267 1097 IV
1283 1032 1330 1115 12,
1345 1032 1374 1095 5.

498 1144 549 1226 49,
578 1143 606 1207 3.
628 1142 657 1206 4.
688 1143 738 1226 60,
770 1143 817 1207 16.
870 1163 942 1205 ann.
975 1141 1024 1206 IV
1055 1142 1082 1224 1,
1104 1142 1131 1204 7.
1174 1139 1243 1204 ΧΠ
1273 1140 1324 1222 24,
1345 1140 1375 1204 2.

500 1250 566 1315 XV
585 1252 634 1334 54,
657 1251 677 1314 2
704 1250 753 1333 (15
772 1249 834 1314 555
855 1249 1000 1334 exemplo
1023 1248 1176 1313 habemus
1198 1248 1375 1334 perfectum
1511 1226 1514 1234 ’

500 1369 532 1424 51
552 1380 703 1444 praesens
725 1359 758 1421 in
780 1368 887 1422 enunt.
910 1357 1027 1441 prim).

437 1468 471 1551 3)
501 1468 535 1530 15
557 1475 662 1530 55551.
685 1466 776 1549 prim.
800 1475 848 1529 est
869 1465 1019 1528 futurum.

498 1573 571 1638 hist.
593 1573 643 1637 IV
663 1573 713 1656 67,
735 1573 764 1637 9.
807 1593 881 1636 555.
903 1570 991 1652 158,
1013 1571 1063 1636 25.

436 1683 470 1767 4)
500 1683 563 1747 5115
583 1681 738 1766 exempla,
772 1703 853 1766 quae
875 1681 1112 1744 coniunctivum
1132 1679 1264 1763 perfecti
1285 1700 1374 1763 prae-

499 1790 585 1872 bent,
618 1809 752 1875 quorum
781 1797 889 1852 tamen
914 1787 997 1852 actio
1026 1784 1213 1850 secundaria
1240 1807 1306 1849 non
1334 1785 1375 1850 ab

498 1899 568 1982 ipsa
588 1898 713 1961 actione
733 1896 885 1982 primaria
905 1894 1033 1980 pendet,
1055 1892 1133 1958 haec
1154 1901 1247 1957 sunt:
1385 1932 1388 1938 ·

499 2003 573 2068 hist.
595 2003 613 2067 I
636 2004 684 2087 16,
706 2003 755 2067 24.
777 2002 826 2066 25.
858 2003 957 2084 37,1.
988 2000 1038 2084 42,
1059 2002 1080 2065 2
1101 2001 1157 2084 (1).
1187 1999 1374 2065 5551173.

290 2138 320 2202 5.
349 2137 454 2223 apud
479 2137 706 2203 Caesarem.
768 2169 770 2174 v
1218 2217 1221 2222 Ι

438 2244 468 2309 b.
491 2266 521 2329 g.
543 2244 593 2309 VI
614 2245 663 2309 31.
707 2243 874 2308 Ambioriae
903 2242 1061 2308 iudicione
1088 2268 1151 2308 555
1180 2241 1375 2325 55511555νὶ1,

499 2378 541 2418 55
563 2353 708 2418 occlusus
730 2350 858 2416 dubiam
879 2363 931 2415 est.

290 2511 315 2552 c.
349 2486 455 2572 apud
475 2486 731 2553 Sallustium.

370 2595 405 2678 α)
438 2595 471 2658 15
492 2593 743 2678 interrogatione
764 2592 928 2658 indirecte.

437 2701 507 2767 Cat.
529 2703 559 2784 5,
581 2701 609 2765 9.
653 2701 683 2784 6,
704 2700 734 2764 2.
776 2701 805 2784 7,
827 2701 856 2764 3.
897 2700 947 2783 51,
968 2701 997 2764 4.
1028 2699 1078 2764 58.
1101 2701 1130 2763 5.
1181 2698 1251 2783 Iug.
1276 2699 1324 2780 17,
1346 2700 1374 2763 7.

434 2808 792 2893 Q7Q5Qd

301 2896 307 2912 ’
369 2919 404 3002 β)
437 2919 470 2982 15
492 2927 598 2982 55551.
622 2918 842 2982 consecutivis.

436 3048 480 3090 or.
502 3024 617 3110 Lepidi
637 3027 658 3106 §
681 3025 728 3110 19.

288 3159 318 3224 d.
347 3157 452 3244 apud
472 3157 683 3223 Velleium.

368 3267 403 3350 5)
435 3267 469 3329 15
491 3275 599 3329 enunt.
622 3266 841 3329 consecutivis.
884 3263 989 3349 1127,
1011 3266 1041 3330 5.
1080 3265 1147 3349 120,
1169 3267 1198 3330 3.

368 3371 403 3456 β)
435 3373 468 3435 15
488 3373 739 3456 interrogatione
760 3370 924 3436 indirecta.

436 3481 467 3563 1)
496 3478 561 3544 ind.
600 3480 776 3564 praesentis
812 3477 964 3544 habemus
1000 3481 1033 3543 in
1066 3488 1172 3544 enunt.
1206 3481 1373 3564 primario:

461 3671 464 3682 1
497 3586 604 3672 1121,
625 3587 654 3651 2.
697 3587 747 3671 27,
769 3587 798 3650 5.
836 3587 935 3671 41,1.
978 3587 1078 3670 89,1.
1115 3588 1164 3670 97,
1186 3588 1215 3651 2.
1254 3587 1372 3669 115,1.

499 3695 619 3778 122,1.
654 3694 773 3778 124,1.
936 3747 940 3752 .

433 3803 468 3886 2)
497 3803 654 3866 55515551.
676 3823 779 3886 praes.
823 3801 927 3885 1185,
949 3802 978 3866 6.
1009 3802 1109 3886 86,1.
1141 3801 1192 3885 99,
1213 3802 1242 3868 3.

433 3910 468 3994 3)
497 3909 654 3973 futurum:
675 3907 712 3971 Π
731 3908 781 3992 48,
803 3909 832 3972 4.

367 4016 514 4082 Vidimus
537 4016 773 4079 coniunctivum
802 4016 936 4099 perfecti
963 4015 1071 4080 multis
1091 4017 1168 4081 locis
1189 4037 1246 4100 pro
1268 4017 1372 4100 logico

287 4124 388 4207 accipi
408 4146 474 4188 non
495 4146 597 4209 posse,
619 4133 655 4188 ut
677 4146 717 4188 ex
731 4125 1010 4208 grammaticorum
1030 4125 1149 4207 regulis
1171 4123 1373 4188 statuendum

287 4242 365 4296 erat.
408 4230 526 4296 Omnia
546 4241 653 4294 autem
674 4231 728 4294 1115
756 4232 902 4316 exempla
930 4230 1079 4295 facillime
1109 4233 1315 4317 explicantur,
1346 4236 1372 4297 si

290 4340 418 4423 singula
438 4349 615 4424 temporum
636 4360 756 4423 genera
775 4361 840 4402 non
861 4341 907 4403 ita
921 4341 1111 4404 secernimus
1125 4351 1161 4404 ut
1174 4343 1373 4426 grammatici
